3650 5342
290 232 408 294 ,162

347 355 441 440 igitur
461 363 563 422 rectus
585 375 675 422 casus
689 365 751 438 est;
767 375 835 422 oum
851 376 924 422 vero
940 357 1045 423 Vibius
1061 358 1267 442 praenominis
1282 367 1313 425 et
1328 360 1454 425 nominis
1468 359 1565 426 ricem
1580 379 1669 445 prae-

349 465 425 536 stet,
449 479 510 525 oon
534 459 624 524 facile
644 460 756 525 dixeris
778 467 879 525 utrum
898 460 948 525 hic
967 462 1149 544 gentilicium
1168 462 1208 525 sit
1225 481 1262 527 an
1280 463 1494 548 appellativum
1509 481 1670 550 personae,

349 562 447 645 gentis
469 563 588 627 nomiae
612 563 740 638 omisso,
763 568 796 626 ut
818 582 911 647 saepe
935 565 966 628 in
989 564 1119 628 nummis
1136 565 1328 639 familiarum,
1351 585 1379 630 e.
1395 585 1424 647 g.
1447 564 1485 644 Q.
1507 564 1668 635 Metellus,

349 661 386 741 Q.
403 663 538 750 Pilipos,
552 664 592 728 hl.
607 664 766 740 Metellus,
783 664 815 727 C.
830 665 942 738 Varro,
958 662 996 742 Q.
1011 665 1177 742 Maximus,
1194 664 1232 744 Q.
1250 665 1342 744 biolo,
1363 666 1398 731 C.
1414 665 1522 743 Talna,
1539 665 1572 731 P.
1586 666 1669 740 Sola,

349 762 584 850 L.'Pbilippus,
608 765 641 828 P.
663 765 765 830 Nerva
787 773 843 829 etc.
870 764 945 830 Cum
968 785 1057 841 voro,
1080 767 1106 830 si
1128 786 1311 851 praenomen
1331 769 1670 851 omittiturscoguomen

349 866 406 932 bae
427 873 526 932 aetate
548 866 697 953 praeponi
719 865 875 951 gentilicio
898 868 988 946 solet,
1013 869 1057 934 uti
1079 888 1106 933 e.
1122 889 1152 952 g.
1175 870 1271 935 lletus
1294 869 1442 948 Gabinio;
1461 879 1560 936 tameo
1578 871 1670 934 raris-

349 969 425 1034 simo
441 969 580 1056 exemplo
596 969 748 1034 invenitor
763 971 794 1034 in
811 969 943 1035 nummis
960 969 1140 1037 lamiliarum
1157 972 1308 1042 Atlrelius
1328 979 1450 1052 livius,
1464 981 1497 1038 ut
1511 972 1560 1038 hic
1575 977 1670 1045 tltBtS

351 1075 494 1144 ΡΙιιΡιΙς
511 1071 609 1137 videri
624 1073 720 1158 possit
736 1070 796 1136 dici
810 1091 864 1156 pro
877 1072 994 1157 Pilipos
1007 1072 1105 1138 Vibis.
1118 1073 1260 1140 Ceterum
1274 1094 1460 1159 praenomen
1471 1095 1572 1160 aeque
1583 1075 1671 1140 omit·

351 1174 423 1240 titur
437 1174 467 1238 in
483 1173 571 1240 titulo
586 1173 780 1260 praenestino
799 1179 984 1266 (ΑΜξιΙΟ
996 1219 1004 1237 ·
1015 1183 1042 1246 Ν
1054 1219 1062 1237 ·
1073 1181 1107 1249 l,
1126 1178 1260 1262 itemque
1276 1179 1305 1242 io
1323 1175 1428 1243 lalisco
1447 1183 1485 1250 lli
1496 1182 1665 1250 ttvtttttt-

352 1367 424 1428 539.
450 1399 482 1406 -
510 1362 543 1427 ln
566 1381 640 1446 agro
652 1362 858 1449 praenestino
880 1363 1037 1448 speculum
1061 1364 1229 1430 inventum.

446 1574 591 1681 meere
637 1572 917 1672 ensrntncun

392 1772 725 1841 Prometheusuxorem
735 1775 915 1859 Asiamgre-

351 1877 412 1942 mio
433 1876 515 1942 lovet
537 1876 678 1942 adstante
696 1877 817 1954 ancilia,
838 1895 918 1961 quae

352 1980 509 2065 speculum
533 1987 624 2047 tenet.

395 2081 500 2149 llsiam
524 2081 696 2149 Promethei
718 2102 843 2148 uxorem
868 2102 920 2146 ro-

358 2191 407 2250 cat
421 2182 606 2262 Herodotus,
623 2184 660 2251 de
677 2205 714 2250 ea
732 2184 815 2250 orbis
833 2191 920 2268 parte

352 2289 471 2355 locotus
490 2307 581 2373 quam
599 2287 919 2373 hsiam'appeliamus:

272 2381 275 2388 ’
355 2388 393 2454 Ἡ
409 2389 440 2454 δὲ
457 2389 541 2454 ’Acin
557 2390 603 2453 ἐπὶ
618 2392 667 2464 riis
681 2388 852 2474 Προμηθέος
864 2413 920 2474 γε·
956 2438 959 2442 .

355 2493 452 2566 ναικὸς
470 2492 519 2555 rtis
536 2491 707 2570 ἐπῶννμίεν.
732 2492 919 2558 Herodolunt
948 2533 954 2542 -

354 2603 480 2662 secutus
501 2604 548 2662 εει
574 2597 681 2662 artilex
709 2597 921 2682 praenestinus

354 2699 406 2786 qui
426 2699 639 2764 Prometheum
655 2699 875 2785 amplexantem
892 2706 923 2764 et

355 2803 423 2870 sinn
445 2802 594 2869 loventom
615 2804 720 2868 Asiam
744 2804 813 2868 lecit
837 2824 919 2870 oam-

304 2905 309 2916 '
354 2906 602 2993 qoeioteoum.
636 2906 740 2972 Serius
769 2907 921 2991 Apollonii

355 3006 540 3075 scholiastes
551 3008 922 3095 adv.ttt,bycophroois

354 3117 385 3176 et
405 3110 583 3196 Apollodori
606 3111 787 3176 auctoritate
806 3118 921 3185 motus,

354 3213 407 3298 qui
422 3214 525 3278 ¹hsiam
545 3212 718 3280 Promethei
734 3219 859 3276 matrem
875 3214 920 3277 di-

354 3320 490 3390 xerunt,
513 3315 643 3382 suadere
667 3315 805 3391 videtur,
837 3317 922 3380 utin

353 3415 512 3483 llerodoto
534 3438 588 3504 pro
611 3419 745 3504 parmula
768 3420 921 3484 scribatur

353 3519 470 3603 μητρός.
494 3520 586 3599 Quod
607 3523 637 3586 in
662 3519 818 3607 aliquibus
837 3523 920 3588 codi-

354 3623 440 3688 cibus
463 3623 573 3690 lactum
596 3622 756 3690 dicendum
780 3632 845 3703 est,
869 3635 922 3692 aut

354 3728 500 3792 memoria
527 3726 630 3811 lapsus
653 3735 700 3792 est
721 3727 920 3806 Eustathius,

354 3815 405 3915 pul
435 3832 464 3892 in
494 3829 572 3895 notis
595 3829 633 3894 ad
657 3831 775 3914 Perieg.
799 3852 826 3895 v.
849 3837 921 3909 270,

355 3935 428 4009 620,
442 3930 633 3998 herodotum
652 3932 734 4008 citat,
753 3936 841 4019 quasi
861 3955 923 4002 ma·

354 4041 428 4100 trem
456 4033 559 4101 usiam
588 4036 759 4102 Promethei
789 4036 921 4114 dixerit,

992 1621 1026 1776 RET
1004 1574 1011 1589 ·

995 3812 1029 4068 censu&
1006 3766 1014 3780 ·
994 3343 1028 3733 vovendi&
1005 3299 1014 3313 ·
995 3044 1029 3266 ΡΛΤΛ
1005 2999 1014 3015 ·
994 2814 1027 2968 RET
994 2485 1026 2781 ·1VN10
1004 2437 1012 2453 ·
993 2161 1026 2408 ΞΕΤΙΟ
1004 2117 1012 2131 ·
992 1860 1026 2086 ATOS
1004 1814 1011 1829 ·

1105 1589 1164 1634 non
1187 1591 1321 1637 uxorem.
1357 1572 1557 1640 Prometheus
1586 1593 1668 1640 more

1104 1675 1298 1758 praenestino
1329 1674 1427 1758 prima
1453 1674 1571 1762 syllaba
1592 1677 1672 1742 mul-

1104 1784 1190 1842 catos
1218 1784 1265 1841 cst
1293 1774 1456 1862 dictusque
1482 1784 1529 1843 est
1549 1778 1669 1846 lletius.

1104 1878 1671 1965 Fusiodigammatcinstruitur,quam-.

1104 1982 1151 2044 vis
1173 2001 1211 2046 ea
1232 2001 1291 2046 vox
1314 2001 1352 2046 oe
1374 1981 1496 2048 affletur
1514 1984 1670 2068 quideme

1105 2083 1254 2161 Graecis,
1289 2084 1346 2148 nisi
1384 2084 1514 2150 tortasse
1546 2086 1668 2160 Aeolis,

1104 2187 1187 2272 quod
1199 2207 1258 2252 uon
1271 2194 1398 2252 constat.
1409 2188 1530 2253 Scimus
1540 2188 1570 2253 in
1582 2188 1668 2254 Latio

1106 2289 1251 2372 quosdam
1275 2297 1529 2374 praetermorem
1550 2290 1669 2356 afflasse
1761 2288 1765 2294 ⁴

1105 2398 1138 2456 ut
1165 2390 1267 2456 bolum
1297 2411 1352 2479 pro
1381 2392 1430 2457 olo
1457 2392 1615 2469 dicerent,
1639 2400 1669 2458 et
1778 2395 1784 2406 ‘

1105 2492 1240 2558 afflatum
1266 2493 1431 2578 aliquando
1453 2501 1600 2561 mutatum
1622 2498 1670 2560 ni«

1106 2596 1212 2660 demus
1241 2599 1271 2661 iu
1299 2598 1472 2680 digamma,
1494 2599 1598 2682 itaque
1623 2600 1668 2663 le-

1105 2699 1204 2780 gimus
1226 2697 1506 2784 relaxaremus
1529 2718 1584 2784 pro
1607 2699 1670 2764 lle-

1078 2843 1083 2854 ·
1105 2803 1190 2876 lena,
1208 2801 1331 2880 llerele,
1350 2802 1471 2867 Fircum
1486 2803 1600 2868 Pedum
1615 2824 1670 2889 pro

1105 2905 1190 2969 hirco
1203 2884 1294 2980 hedo,
1306 2905 1399 2990 idque
1414 2924 1431 2969 a
1448 2905 1579 2983 Sabinis,
1595 2912 1670 2970 teste

1087 3074 1089 3077 .
1105 3008 1255 3083 Varrone,
1273 3008 1310 3073 de
1325 3007 1393 3072 hl..
1409 3009 1427 3072 l.
1446 3008 1492 3072 lV.
1509 3008 1597 3073 heila
1613 3028 1669 3094 pro

1104 3109 1225 3174 Ancilla
1244 3109 1405 3186 scribitur,
1426 3129 1483 3174 nec
1504 3108 1579 3174 satis
1597 3128 1670 3176 con-

1106 3219 1179 3291 stat,
1199 3219 1299 3278 utrum
1318 3211 1437 3277 sublata
1454 3213 1555 3277 littera
1572 3213 1670 3292 muel

1106 3316 1202 3379 altera
1216 3336 1247 3388 c,
1270 3321 1361 3399 atque
1384 3315 1462 3380 adeo
1484 3335 1546 3398 quo
1563 3323 1672 3402 postea

1106 3418 1195 3481 modo
1210 3416 1302 3482 scribi
1316 3415 1407 3482 iussit
1417 3417 1529 3482 decius
1541 3417 1670 3501 aggulus

1106 3539 1161 3605 pro
1184 3520 1310 3603 angulo,
1333 3521 1378 3584 sic
1402 3526 1519 3585 veteres
1536 3519 1669 3606 scripse·

1106 3622 1167 3687 rint
1189 3623 1278 3689 acula
1299 3643 1354 3708 pro
1377 3624 1498 3701 accola,
1518 3622 1595 3689 acila
1615 3643 1670 3709 pro

1107 3726 1234 3792 acciila:
1263 3746 1333 3790 nam
1362 3734 1392 3790 et
1412 3729 1514 3792 bueus
1537 3727 1668 3794 hlarcius

1107 3832 1216 3916 legitur
1231 3838 1261 3895 ει
1276 3833 1357 3895 heca
1371 3829 1524 3894 Larentia.
1540 3831 1584 3895 hd
1601 3851 1669 3917 spe-

1107 3936 1168 4002 culi
1188 3936 1324 4000 dextram
1339 3936 1494 4021 inscriptio
1509 3934 1672 4000 contineoti
1704 4016 1709 4023 Ι

1107 4060 1196 4104 versu
1213 4039 1316 4103 addita
1331 4045 1388 4115 est,
1404 4036 1527 4104 nomina
1539 4039 1672 4103 referens

354 4243 490 4312 mulieris
514 4251 545 4308 et
569 4244 641 4310 viri:
666 4246 695 4310 in
720 4244 854 4312 mulieris
877 4265 950 4311 vero
973 4249 1093 4333 peculio
1116 4247 1210 4313 luisse
1228 4266 1357 4330 eamque
1373 4242 1597 4309 inscribendam
1612 4243 1675 4309 ius-

354 4346 449 4424 sisse,
475 4349 549 4412 satis
571 4347 679 4432 probat
701 4367 808 4412 nomeu
833 4348 962 4416 feminae
985 4353 1082 4434 primo
1105 4350 1171 4414 loco
1194 4350 1334 4434 positum.
1361 4347 1430 4411 Fuit
1451 4348 1577 4412 tortasse
1597 4347 1675 4412 haec

355 4449 467 4514 Caesia
495 4448 614 4515 lucilia
642 4450 718 4516 lunii
750 4450 826 4516 Selii
850 4471 934 4518 uxor.
969 4453 1057 4532 Quae
1079 4451 1205 4518 veroin
1229 4451 1304 4517 urbe
1326 4471 1381 4536 per
1401 4472 1420 4514 o
1442 4459 1471 4515 ει
1492 4472 1507 4512 ε
1529 4448 1674 4515 scribitur

358 4549 482 4628 Caesia,
506 4570 559 4628 ea,
584 4559 615 4617 ut
637 4555 667 4618 io
690 4553 833 4634 Faliscis,
856 4553 982 4632 Casula,
1004 4555 1098 4631 Geso,
1122 4555 1153 4618 in
1178 4553 1383 4620 Praenestinis
1405 4551 1506 4619 addito
1528 4553 1541 4613 i
1561 4550 1669 4618 Ceisia.
