3650 5342
1398 281 1434 342 u

124 402 232 466 Puncta
254 401 286 464 in
310 399 370 466 bne
395 420 536 467 versuum
559 399 700 489 apposita
722 408 792 467 sunt
814 411 883 488 post
904 402 997 485 siglas
1020 408 1072 468 aul
1093 421 1184 467 voces
1207 403 1378 468 imminutas
1399 403 1446 468 id·

160 526 218 589 que
241 505 368 570 saeculo
393 505 523 590 septimo
542 509 616 590 reip.
636 505 765 571 liberae:
790 526 887 590 neque
912 507 1000 572 tacite
1018 507 1145 572 vocibus
1164 505 1289 588 integris
1308 507 1443 572 additum

158 614 302 692 punctum
326 609 356 671 in
381 606 442 672 line
466 629 606 674 versuum
629 610 766 674 invenies
789 616 860 673 ante
884 629 997 674 annum
1019 613 1091 674 700.
1423 603 1432 624 ”

687 813 772 887 GAP.
800 811 873 888 XX.

603 975 726 1020 canones
742 971 958 1029 orthampbiei.

121 1123 326 1186 Consonantes
356 1121 534 1208 duplicandi
558 1144 633 1189 usus
656 1123 757 1210 coepit
779 1133 847 1189 ante
871 1124 1020 1199 Ennium,
1048 1130 1115 1207 post
1137 1122 1268 1187 medium
1291 1123 1443 1188 saeculum

157 1233 275 1290 sextum
299 1226 441 1310 exempla
465 1224 554 1290 habel
578 1245 646 1290 rara
670 1247 767 1310 usquc
791 1229 827 1291 ad
851 1231 1155 1290 cornamento.

122 1327 193 1392 llsus
216 1328 292 1392 inde
317 1328 447 1393 invaluit
469 1329 544 1394 adeo
568 1336 601 1412 ut
622 1330 661 1394 ab
684 1349 712 1393 0.
736 1334 795 1394 620
819 1331 857 1394 00
881 1332 941 1393 670
965 1326 1195 1394 consonantium
1223 1329 1443 1414 duplicaturum

158 1451 304 1496 numerus
326 1431 421 1516 duplo
445 1432 573 1496 ascedat
596 1453 654 1496 non
678 1432 856 1517 duplicatas.
885 1431 981 1513 Leges
1004 1432 1149 1515 paulatim
1172 1452 1190 1497 0
1212 1433 1339 1517 pristinu
1361 1450 1444 1496 more

157 1533 333 1610 discedunt,
358 1535 455 1598 donec
478 1554 621 1600 numerus
645 1537 865 1617 geminabrum
886 1535 927 1598 sit
948 1535 1011 1598 lere
1033 1533 1154 1619 duplus.

120 1634 242 1701 hfflatus
265 1637 417 1702 vocalium
442 1639 526 1702 initio
551 1657 657 1703 uocum
682 1639 812 1703 omissus
831 1645 877 1702 est
896 1656 1021 1722 perraro
1035 1636 1128 1723 idque
1144 1644 1213 1725 post
1226 1639 1357 1703 medium
1372 1657 1441 1702 000-

157 1741 259 1806 culum
283 1739 460 1827 septimum.

122 1841 242 1906 hillatns
271 1846 507 1908 consonantium
536 1843 688 1908 adhibitus
719 1852 764 1908 est
791 1843 853 1908 iere
881 1845 1054 1929 promiscue
1076 1844 1116 1908 ab
1139 1851 1237 1909 aetate
1260 1844 1458 1925 rnummiana
1517 1909 1521 1914 .

159 1947 194 2008 ad
217 1965 244 2010 a.
268 1951 345 2010 66οε
371 1946 409 2010 ab
434 1966 460 2010 a.
485 1951 545 2010 660
570 1947 608 2010 00
631 1949 692 2012 ’160
716 1945 812 2029 tnagis
832 1955 879 2009 est
896 1946 1095 2030 adspiratum‚
1116 1966 1172 2010 oec
1190 1954 1288 2012 tamen
1305 1947 1443 2033 exempla

160 2049 380 2132 adspiralarum
405 2049 473 2132 plns
496 2056 604 2134 quarta
626 2050 673 2114 sui
698 2058 782 2133 parte
806 2069 965 2114 numerum
989 2069 1046 2112 nou
1071 2047 1293 2134 adspiralarurh
1316 2051 1442 2116 excedit.

127 2157 161 2220 ΙΝ
185 2153 213 2214 10
238 2153 416 2237 compositis
439 2159 508 2216 ante
533 2159 554 2222 Ρ
577 2151 700 2217 0000010
724 2155 850 2236 0001100
874 2155 950 2216 uerti
973 2151 1117 2236 coepitio
1135 2157 1176 2222 ΙΜ
1198 2151 1328 2237 primum
1344 2161 1442 2220 aelate

162 2253 357 2319 mummiana:
381 2261 482 2320 aelate
506 2275 576 2319 uero
600 2255 716 2319 sullana
739 2264 914 2320 constanter
938 2262 979 2327 1Μ
1006 2261 1178 2341 usurpatur.

127 2359 158 2418 tt
177 2365 231 2442 Qtl
256 2377 311 2442 pro
333 2363 381 2429 <tl
407 2357 467 2422 iere
490 2360 622 2444 pertinet
644 2360 681 2422 ad
704 2362 858 2446 saeculum
883 2361 1042 2442 septimum
1067 2359 1208 2423 medinm.

128 2465 165 2529 xs
186 2468 312 2544 apparet
328 2461 426 2546 primo
439 2459 469 2525 10
484 2460 611 2546 epistola
627 2461 784 2526 consulum
799 2481 825 2526 a.
841 2466 911 2537 568,
925 2461 1034 2526 deiude
1047 2461 1209 2527 adhibetur
1219 2459 1250 2523 iu
1264 2463 1441 2545 fragmentis

162 2562 271 2644 Legum
288 2582 314 2628 a.
332 2584 360 2628 0.
378 2567 511 2638 bat-36,
530 2568 600 2628 613.
620 2564 755 2629 Tandem
772 2570 1046 2628 000000100001010
1064 2562 1208 2644 Augusti,
1225 2566 1254 2628 in
1272 2584 1332 2647 qua
1348 2587 1438 2632 usur·

163 2673 248 2748 patur
270 2665 457 2752 frequenter.
815 2637 830 2684 ⁸

128 2765 244 2833 domina
267 2770 421 2835 secundae
444 2768 655 2833 declinationis
679 2772 707 2834 10
732 2775 802 2845 05,
828 2775 893 2844 OM
919 2780 1040 2835 cessant
1058 2769 1140 2834 circa
1155 2770 1310 2835 saeculum
1326 2781 1442 2837 sextum

161 2869 306 2936 medinm:
328 2871 492 2937 declinatio
514 2870 547 2934 in
571 2879 636 2947 tls,
661 2878 719 2944 νΜ
745 2874 826 2936 cirea
849 2894 875 2936 a.
893 2894 921 2936 u.
937 2893 963 2937 0,
981 2877 1040 2935 600
1064 2873 1110 2936 uel
1134 2874 1223 2957 paulo
1247 2882 1316 2937 ante
1335 2873 1440 2939 oritur.

126 2972 245 3039 Litterae
269 2972 377 3038 1100100
400 2974 585 3060 pertinentes
609 2975 646 3039 ad
669 2973 899 3039 declinationem
919 2982 989 3050 05,
1008 2981 1073 3047 ΟΜ
1095 2976 1122 3038 10
1137 2976 1358 3060 antiquioribus
1373 2997 1439 3042 ser-

160 3085 259 3155 uatae,
282 3075 396 3142 deiude
413 3077 528 3163 passim
543 3079 729 3142 omittuntur.
757 3085 777 3148 lt
794 3076 879 3142 finita
895 3076 1002 3141 tertiae
1018 3097 1086 3141 raro
1103 3097 1258 3164 apocopen
1275 3076 1439 3164 patiuntur,

160 3182 290 3267 itemque
315 3185 343 3249 Τ
366 3179 465 3245 1100110
488 3178 649 3245 verborum
672 3179 794 3246 saeculo
817 3183 921 3264 quintu
944 3187 974 3244 et
996 3188 1091 3245 sexto.

128 3287 215 3365 Epro
239 3291 246 3354 Ι
271 3290 422 3370 usurpant
444 3281 666 3367 antiquissimi;
690 3285 777 3348 buius
803 3303 875 3348 usus
899 3285 1021 3348 saeculo
1045 3291 1129 3348 serto
1152 3287 1212 3348 iam
1234 3286 1332 3349 rarior
1353 3293 1407 3350 est.

129 3387 239 3471 totiqui
263 3387 355 3451 moris
375 3386 433 3451 luit
456 3394 480 3457 tt
504 3392 622 3450 vertere
646 3385 676 3449 in
701 3391 732 3458 0
757 3386 963 3470 subsequente
983 3394 1020 3456 t:
1045 3387 1130 3458 tirel
1145 3394 1177 3459 0
1195 3389 1366 3471 promiscue
1381 3390 1439 3453 iam

161 3489 319 3554 adhibetur
341 3489 439 3574 prima
461 3496 545 3574 parte
568 3489 681 3554 saeculi
705 3490 803 3552 sexti:
833 3491 929 3553 rarior
951 3489 1060 3552 deinde
1085 3497 1133 3564 0,
1162 3492 1284 3556 saeculo
1311 3493 1439 3576 septimo

161 3612 211 3674 per
240 3600 264 3664 tl
295 3592 464 3677 scriptum,
499 3589 606 3676 paucis
637 3590 730 3655 titulis
761 3592 915 3675 exceptis,
951 3594 1002 3675 qui
1032 3600 1164 3656 veterem
1195 3593 1439 3680 orthographiam

161 3695 324 3760 innitantur.

128 3795 328 3882 diphthongus
360 3803 412 3871 ΑΕ
441 3799 508 3863 1000
531 3805 569 3869 ΑΙ
599 3799 627 3861 10
651 3797 804 3863 radicibus
828 3796 1044 3861 vocabulorum
1068 3796 1175 3883 incipit
1197 3799 1336 3882 usurpari
1360 3800 1439 3865 bello

161 3901 266 3985 punico
291 3904 409 3988 primu:
439 3903 527 3965 ‹lurat
549 3920 621 3965 uero
645 3902 750 3987 paucis
774 3900 907 3985 exceptis
931 3899 1053 3964 saeculo
1077 3908 1184 3979 sexl03
1207 3903 1305 3966 rarior
1326 3899 1386 3966 iarn
1410 3903 1439 3966 iu

160 4006 292 4090 septimo.

128 4111 169 4178 ΑΕ
189 4108 217 4171 10
239 4106 442 4172 declinatione
467 4126 574 4170 uocum
600 4107 703 4190 incipit
725 4096 809 4190 parte
833 4113 966 4169 extrema
988 4106 1101 4169 saeculi
1124 4106 1209 4170 sexti.
1238 4106 1327 4171 Circa
1349 4106 1438 4171 finem

158 4209 264 4274 saeculi
288 4207 408 4293 septimi
433 4215 463 4272 el
485 4215 583 4272 aetate
608 4217 756 4291 augustea
778 4215 864 4272 00100
888 4213 925 4277 ΑΙ
951 4205 1110 4272 reviviscit

130 4317 171 4380 tt
192 4314 288 4398 coepit
319 4309 430 4377 0001001
459 4313 545 4381 ino
571 4317 601 4374 et
623 4317 653 4380 0
677 4311 706 4373 in
732 4316 786 4381 Ab
816 4311 938 4374 saeculo
968 4318 1074 4388 sexto,
1105 4311 1274 4393 mansitque
1304 4331 1377 4374 usus
1407 4313 1436 4374 in

162 4416 313 4502 perpaucis
338 4415 462 4479 saeculo
486 4415 624 4496 septimo.

133 4522 158 4588 ΕΙ
179 4539 227 4602 pro
250 4529 256 4590 Ι
282 4520 373 4600 longo
397 4518 426 4580 in
450 4517 604 4581 radicibus
628 4537 735 4582 000000
760 4517 798 4580 00
821 4515 1061 4600 antiquissimam
1085 4516 1219 4598 linguam
1237 4518 1280 4581 sic
1296 4517 1435 4601 pertinet,

164 4629 192 4685 ut
211 4624 273 4690 eius
295 4621 487 4689 consuetudo
510 4641 665 4706 nunquam
688 4622 726 4685 sil
749 4618 932 4686 intermissa
