3650 5342
361 293 394 353 td

431 417 459 500 i)
484 423 650 491 lollOElll
674 415 707 480 in
730 415 857 501 postica.

516 519 614 607 Caput
636 520 770 593 Dianae,
794 539 888 606 supra
905 519 1037 610 ¹irorrtom
1061 520 1133 586 luna
1154 522 1273 588 falcata.

515 624 610 688 Luna.

476 727 510 791 ln
534 723 733 790 Kiroheriaoo
757 734 787 791 et
809 725 890 810 apud
908 745 970 801 me,
986 727 1101 812 pendet
1115 745 1159 810 gr.
1176 731 1264 802 uso.
1282 725 1495 794 videturesse
1511 728 1675 794 semuncia.

432 831 465 912 le)
491 834 658 901 [ΜΕΝ
683 827 714 892 in
736 829 862 914 postica.

519 932 585 996 Duo
608 932 708 1015 capito
731 931 945 997 Dioscororum
969 931 1057 1018 pileis
1079 931 1236 998 instructa.

517 1036 584 1102 Duo
607 1035 677 1119 equi
700 1035 854 1100 salientes.

474 1137 603 1204 Videtur
624 1157 692 1202 esse
716 1140 882 1204 semuncia.
1426 1199 1430 1207 .

474 1242 655 1306 tumeries
678 1241 888 1306 terminatione
919 1240 1063 1326 seriptum
1094 1248 1139 1304 est
1168 1261 1229 1326 qna
1254 1243 1342 1320 Tinti,
1365 1244 1473 1308 eodem
1500 1245 1603 1328 itaque
1629 1253 1677 1311 est

388 1346 495 1432 opinor
518 1364 599 1409 casu.
624 1344 776 1429 Oppidum
801 1343 990 1408 Tintioorum
1014 1345 1157 1427 quoniam
1180 1343 1293 1430 duplici
1317 1347 1414 1412 torma
1436 1345 1569 1425 effertur,
1584 1347 1615 1412 id
1631 1356 1677 1413 est

389 1449 517 1513 Tiaoum
541 1455 572 1511 et
593 1445 688 1522 liuto,
708 1465 834 1511 neeesse
856 1454 904 1512 est
926 1452 959 1512 ut
981 1446 1150 1511 communis
1171 1448 1211 1512 sit
1232 1445 1319 1529 origo
1341 1446 1412 1512 Tin:
1433 1448 1505 1514 inde
1519 1448 1606 1515 Tiate
1621 1472 1677 1536 op

388 1550 492 1637 pidum
515 1556 546 1616 et
566 1550 641 1614 civis
663 1547 773 1626 Tiatis,
796 1548 945 1615 'liuticos
969 1549 1127 1614 Ablativus
1143 1549 1220 1634 Tiati
1238 1558 1270 1615 ot
1289 1553 1356 1634 Opi,
1380 1552 1480 1630 Tarni,
1498 1553 1578 1627 Acri,
1597 1574 1676 1638 quae

389 1653 517 1740 perinde
540 1653 752 1737 antiquissima
774 1660 851 1718 sont.
884 1651 945 1716 llec
967 1652 1057 1717 aliter
1084 1653 1211 1718 Lonceri
1239 1671 1276 1718 ex
1305 1654 1489 1719 nominativo
1516 1657 1624 1721 noum
1644 1665 1677 1721 ut

390 1759 490 1832 Tader,
512 1756 622 1819 Tutore
639 1757 683 1822 sic
698 1756 816 1833 Lotum
831 1757 967 1826 lancem:
983 1762 1030 1820 est
1044 1754 1124 1819 enim
1140 1757 1314 1841 promiscue
1328 1757 1504 1823 terminatus
1520 1758 1568 1824 tric
1585 1777 1675 1824 casus

389 1880 445 1946 per
467 1883 482 1923 a
504 1860 550 1924 vel
574 1876 630 1944 per
651 1859 671 1921 i.
694 1857 823 1924 Tiannm
848 1856 922 1924 Osci
946 1857 1091 1943 Campani
1123 1857 1277 1923 declinam
1302 1859 1433 1925 ablativo
1459 1861 1563 1926 addita
1585 1881 1677 1946 para-

289 2013 294 2025 .
388 1962 498 2047 gogioa
518 1964 552 2039 d,
577 1966 763 2034 flvtttttt':
785 1962 958 2025 Latinorum
979 1966 1129 2037 ΤΙΑΝΟ,
1149 1981 1238 2046 quem
1259 1961 1424 2044 genitivum
1441 1962 1588 2048 pluralem
1608 1985 1676 2030 esse

389 2064 471 2132 docti
496 2065 587 2129 hodie
610 2071 722 2140 tenent,
738 2083 793 2148 pro
810 2063 947 2135 l'ianom.
967 2070 999 2128 nt
1014 2065 1149 2140 Romano,
1165 2083 1262 2148 aeque
1278 2066 1450 2136 domuum,-
1466 2067 1609 2142 domnio,
1623 2069 1677 2130 lt-

387 2169 502 2232 mrm'uo
519 2167 691 2252 pariterque
706 2168 873 2240 diuormom,
889 2165 1083 2237 oneratutm
1100 2172 1198 2231 tamen
1216 2174 1250 2232 ut
1264 2167 1387 2252 quidam
1403 2170 1536 2234 sentiunt
1549 2171 1578 2233 in
1595 2170 1677 2236 Osca
1781 2246 1785 2254 ¹

387 2270 552 2358 epigraphe
567 2269 719 2355 genitivus
733 2275 782 2334 est
806 2274 942 2341 mtrem
953 2276 1015 2340 ΙΙΤ.
1039 2270 1076 2333 dt
1098 2267 1147 2334 hio
1170 2289 1229 2334 non
1246 2269 1336 2335 video
1353 2289 1442 2356 qnam
1458 2279 1541 2337 reete
1557 2272 1676 2338 dicatur

388 2381 496 2446 ΤΙΑΤΙ
531 2393 599 2440 esse
633 2372 813 2438 vocabulum
845 2370 1035 2438 imminutum
1069 2391 1123 2457 pro
1160 2373 1297 2451 nomm,
1319 2370 1453 2458 itemque
1481 2374 1601 2438 nouere
1621 2396 1676 2461 pro

390 2479 565 2543 lonearium
589 2476 653 2542 Non
677 2477 755 2541 euim
779 2475 919 2561 procedit
931 2481 1141 2557 argumentum
1159 2495 1228 2540 oum
1246 2483 1365 2542 constet
1382 2475 1495 2543 nullum
1514 2477 1677 2560 genitivum

321 2611 329 2630 ·
391 2580 540 2669 pluralem
562 2579 752 2645 imminutum
776 2578 923 2643 hactenus
945 2577 1081 2642 extitisse
1102 2584 1138 2643 nt
1158 2578 1188 2642 in
1211 2601 1228 2641 o
1250 2578 1294 2645 sic
1317 2578 1347 2642 iu
1369 2581 1399 2642 i:
1423 2587 1531 2644 contra
1552 2587 1583 2644 et
1604 2579 1676 2647 Osci

389 2694 420 2750 et
442 2684 538 2750 Latini
562 2683 689 2748 flectunt
711 2683 740 2746 in
763 2682 801 2744 iau
823 2681 926 2746 addita
949 2686 1128 2746 constanter
1149 2681 1311 2758 litteram,
1334 2689 1367 2747 ut
1389 2684 1540 2750 ttuemtm.

348 3099 403 3163 76.
428 3096 540 3182 (dd.)
562 3095 599 3178 o)
626 3095 674 3172 tf
693 3094 723 3158 in
746 3093 853 3160 antica.

517 3197 594 3262 Tres
617 3195 740 3261 lunulae
763 3193 856 3278 gibbo
879 3193 935 3258 sibi
959 3194 1126 3280 oppositae.

516 3299 658 3366 Conchue
681 3299 806 3364 striatue
829 3295 963 3362 exterior
984 3296 1088 3362 iacies.

475 3404 510 3468 lu
533 3401 744 3476 Kircheriano
760 3401 873 3487 pendet
895 3421 941 3485 gr.
957 3399 1007 3477 39,
1020 3403 1078 3479 00;
1104 3405 1151 3476 ta,
1165 3405 1223 3479 5⁰3
1246 3399 1424 3467 referendus
1442 3400 1480 3465 ad
1499 3416 1600 3466 assent
1618 3420 1676 3466 nu-

390 3509 505 3574 ciarum
530 3512 623 3579 ll·lll.

433 3607 721 3694 Mffimmm

517 3710 643 3797 Delphis
666 3718 697 3775 et
719 3717 792 3776 nota
815 3709 969 3776 sextantis.

518 3814 603 3879 ldern
626 3819 724 3899 typus.

475 3917 510 3982 ln
532 3917 742 3993 Kircheriauo
765 3916 879 4002 pendet
900 3934 945 3999 gr.
970 3921 1020 3994 to,
1033 3919 1089 3992 90;
1111 3921 1162 3992 tt,
1176 3920 1230 3996 to;
1254 3915 1433 3982 referendus
1447 3914 1486 3980 ad
1502 3934 1600 3981 assem
1615 3935 1675 3982 un·

390 4022 503 4086 ciarum
529 4027 636 4093 ttt-ttl.

432 4123 464 4208 c)
489 4131 537 4206 tf
560 4124 590 4187 in
614 4122 725 4187 antica.

515 4225 640 4292 Lunula

516 4329 634 4396 Lunula
656 4336 687 4393 et
710 4336 779 4395 notu
802 4329 922 4394 unciae.
965 4388 970 4404 ,

478 4432 529 4502 list
550 4434 580 4498 in
604 4432 665 4500 tuh,
690 4431 861 4498 Corelliana
882 4431 1023 4499 XXCtX.
1051 4438 1098 4498 tt.
