3650 5342
1455 296 1471 352 7

165 433 346 500 (ΟΖΑΝΟ
359 445 414 510 pro
430 430 626 500 ROMANO,
639 424 714 508 quia
725 423 836 506 passim
850 421 1058 495 inveniuntur,
1072 421 1122 496 uit,
1134 417 1277 484 simillimi
1292 416 1410 482 romani
1425 437 1494 483 cum

164 528 364 614 inscriptione
387 535 537 613 corrupta.
561 527 654 611 ldque
677 525 836 590 confirmat
858 525 1037 589 auctoritaie
1059 521 1218 586 Bitscbelii
1236 521 1287 605 qui
1303 541 1333 606 p.
1347 525 1396 597 la,
1413 541 1441 583 o.
1456 524 1493 584 tu

164 635 286 718 scripsit
312 629 492 695 brellinium
523 638 657 694 nostrum
688 628 864 713 iampridem
895 627 966 692 huic
995 644 1106 691 causae
1136 623 1314 689 indicandae
1342 643 1494 689 nummum

165 735 343 802 adhibuisse
367 733 543 819 inscriptum
574 738 765 804 ROMANO
798 730 919 814 (blusso
941 729 1129 804 Borhonicn‚
1151 728 1217 800 vol„
1233 727 1295 804 lli,
1318 734 1376 793 tav.
1398 725 1493 810 Xlll).

167 839 225 902 Sed
248 837 434 902 Riochatus
457 836 683 902 llommssnium
707 836 736 900 in
760 832 878 899 ruinam
898 853 1002 899 secum
1023 833 1121 898 traxit.
1144 829 1310 896 Avollinins
1325 830 1366 895 ibi
1383 828 1495 895 nullum

166 941 297 1026 aspersit
319 939 443 1004 dubium
466 941 496 1002 io
528 957 679 1003 nuruimum
709 936 909 1009 Cosanorum,
938 955 1028 1020 quern
1058 954 1115 999 nec
1143 953 1180 998 eo
1209 933 1275 999 loco
1304 932 1415 1008 edidit,
1441 951 1497 1024 nec

165 1041 278 1108 citarit.
302 1042 392 1117 tlibi,
415 1061 523 1126 nempe
546 1043 575 1104 in
600 1042 676 1105 notis
698 1041 736 1105 ad
760 1038 938 1122 Catalogum
960 1037 1176 1110 (mellianum,
1200 1036 1330 1118 obtegit
1349 1035 1497 1102 Corellius

168 1147 204 1210 de
228 1145 358 1210 nummis
382 1144 587 1219 Cosanurum,
610 1143 776 1208 duellioius
805 1141 879 1208 nihil
908 1143 996 1206 mutit
1023 1148 1129 1205 contra
1158 1141 1313 1204 versuum
1341 1138 1497 1214 lectionis,

167 1249 257 1338 immo
280 1245 455 1320 confirmat,
478 1245 631 1310 affirmans
654 1244 816 1311 Corellium
841 1245 919 1310 male
934 1251 1180 1328 repraesentasse
1203 1240 1289 1326 quasi
1308 1239 1497 1306 imminutam

168 1348 356 1434 epigraphen
379 1355 486 1420 (ΟΖΑ
579 1365 646 1414 cum
669 1369 705 1412 eo
727 1346 786 1412 loci
810 1346 850 1412 sil
871 1347 999 1428 integra.

210 1452 327 1516 Deinde
350 1471 445 1533 agens
467 1451 505 1515 de
527 1453 622 1516 allero
646 1470 768 1515 nunrmo
791 1451 920 1532 catalogi
939 1448 1102 1514 Corelliani
1125 1449 1215 1543 donet
1237 1447 1315 1513 male
1332 1447 1497 1516 Corellium

169 1555 281 1637 legisse
305 1558 490 1626 (ΟΖΑΝΟ
514 1575 583 1619 curn
605 1553 647 1618 ibi
667 1554 707 1617 sit
724 1555 885 1637 legendnm
909 1557 1110 1624 ROMANO.
1133 1551 1203 1631 Quo
1225 1551 1316 1628 dicto,
1331 1549 1499 1617 duellinius

169 1676 225 1722 nec
247 1659 344 1722 uoluit
367 1657 559 1750 necpotuit,
583 1675 620 1720 oe
642 1657 705 1750 sibi
724 1655 960 1732 contradiceret,
983 1675 1128 1721 revocare
1150 1654 1324 1720 indubium
1347 1663 1498 1720 monetam

169 1759 376 1838 Cosanoruiu;
400 1760 454 1824 sed
477 1760 506 1824 id
531 1767 644 1825 motum
667 1760 785 1830 statuit,
809 1778 911 1824 verum
927 1760 1088 1824 lectionem
1108 1758 1189 1824 illius
1216 1759 1328 1824 nummi
1350 1757 1408 1822 sibi
1431 1777 1499 1823 esse

172 1868 377 1936 ROMANO,
402 1882 460 1926 nun
484 1870 517 1926 ut
539 1860 689 1926 Corellius
717 1862 801 1927 dedit
828 1867 1022 1934 (ΟΖΑΝΟ,
1049 1861 1112 1927 Nec
1139 1865 1347 1944 argumentum
1370 1863 1453 1946 quod
1481 1879 1499 1924 a

169 1968 320 2057 corruptis
352 1966 481 2030 nummis
514 1984 581 2028 curn
614 1963 778 2049 epigraphe
813 1969 1007 2035 ROMANO
1038 1964 1149 2047 promit
1179 1962 1394 2028 llommseuius
1422 1964 1499 2027 bene

171 2069 317 2152 procedit.
342 2068 400 2132 llla
422 2069 502 2132 enim
526 2069 676 2152 corruptio
699 2068 780 2132 cadit
801 2069 830 2132 io
848 2066 981 2132 nltimam
1000 2066 1166 2152 syllabam.
1184 2074 1215 2130 et
1232 2067 1261 2131 io
1276 2064 1406 2132 nummis
1423 2086 1499 2152 quos
1557 2123 1566 2138 ,

171 2171 294 2235 barbari
319 2168 427 2234 imitati
451 2175 534 2244 suot,
550 2170 602 2234 ubi
619 2171 832 2256 inscriptiones
851 2171 991 2252 leguntur
1006 2169 1064 2234 hae
1081 2168 1259 2254 similesque
1277 2175 1500 2243 ROMltlloc,

172 2278 362 2351 lounnc,
385 2281 415 2336 et
438 2273 615 2354 retrograda
637 2274 786 2358 scriptura
809 2279 1003 2348 >Otreos
1026 2272 1137 2357 quibos
1168 2271 1239 2336 nihil
1269 2291 1428 2337 commuue
1456 2280 1503 2336 est

171 2397 238 2440 cum
261 2375 427 2460 epigraphe
445 2381 639 2446 (ΟΖΑΝΟ.
662 2377 800 2440 Ceterum
824 2376 861 2440 de
885 2375 1074 2440 (insanorum
1097 2375 1144 2438 vel
1167 2373 1355 2440 Cocanorum
1372 2376 1500 2440 nummis

172 2478 298 2542 interius
323 2479 379 2542 erit
402 2477 511 2560 agerrdi
543 2479 634 2544 locus.
663 2478 747 2541 Nunc
778 2476 852 2541 sotis
882 2485 928 2542 est
953 2479 1132 2563 produxisse
1163 2478 1334 2563 exemplum
1363 2479 1502 2543 uetustis·

172 2583 281 2646 simum
305 2583 422 2646 litterae
447 2585 485 2655 Z,
508 2588 599 2664 alque
623 2581 768 2644 hactenus
793 2579 929 2659 unicum,
951 2580 1128 2665 intrabitque
1151 2582 1180 2644 in
1204 2589 1332 2645 mentem
1358 2599 1501 2646 reuocare

171 2683 261 2748 simili
293 2685 383 2747 modo
410 2683 480 2748 olim
505 2684 620 2747 litterae
641 2703 659 2762 p
682 2685 803 2748 unicum
827 2684 901 2748 lorte
924 2683 1097 2767 exemplum
1121 2684 1244 2748 sacculo
1267 2684 1372 2768 quinto
1395 2692 1500 2768 protu-

173 2786 243 2850 lisse
267 2806 315 2852 me
338 2807 355 2849 e
371 2786 505 2868 Signinis
523 2780 661 2864 nummis,
677 2805 737 2870 quo
753 2785 972 2851 Schneiderum
988 2794 1019 2850 et
1032 2783 1187 2855 Osannum
1207 2806 1274 2850 eum
1292 2785 1501 2851 Grammaticis

173 2887 329 2953 ueteribus
352 2887 459 2952 deieci.

217 2989 316 3056 liuius
339 2991 451 3055 nummi
476 2989 661 3056 Cosanorum
689 2989 835 3056 hacteuus
865 2989 924 3054 duo
955 2989 1017 3075 typi
1046 2989 1245 3055 innotuerunt
1273 2992 1398 3057 alterum
1428 3010 1500 3055 cum
1534 3031 1540 3040 ,

169 3094 269 3179 capite
291 3093 445 3172 Mineruae
468 3099 499 3156 et
528 3095 557 3156 in
579 3094 699 3178 postica
727 3102 862 3176 protome
893 3094 980 3176 equi,
1002 3093 1130 3157 alterurn
1160 3113 1227 3156 oum
1255 3096 1354 3179 capite
1383 3094 1502 3170 llarlis,

175 3203 206 3259 et
226 3199 255 3260 in
280 3199 397 3280 postica
420 3203 556 3280 protome
578 3197 647 3279 equi
671 3197 718 3260 cui
743 3194 904 3280 delphinus
928 3195 1066 3281 appictus
1088 3203 1143 3259 est.
1169 3196 1339 3282 Epigraphe
1361 3196 1451 3262 etiam
1469 3199 1499 3261 in

176 3307 245 3383 typo
269 3318 360 3384 quem
382 3299 469 3384 posui
492 3301 589 3384 primo
612 3298 679 3363 loco
703 3299 732 3361 in
750 3300 849 3362 antico
868 3304 915 3360 ost
930 3302 1062 3371 (ΟΖΑ,
1080 3306 1110 3362 et
1128 3297 1158 3361 in
1176 3301 1294 3383 postica
1311 3305 1499 3377 (ΟΖΑΝο;

176 3403 205 3465 in
229 3409 297 3486 typo
321 3401 417 3466 altero
441 3408 555 3466 tontum
579 3403 608 3464 in
633 3403 751 3486 postica
773 3405 965 3479 Otlrtzo),
985 3406 1171 3472 QOSANO.

215 3504 269 3568 Est
291 3523 363 3568 vern
386 3505 569 3570 censendum
593 3505 730 3569 Coranos
752 3523 784 3566 se
809 3503 944 3567 Cosooos
966 3504 1159 3589 appellilassc
1188 3506 1316 3570 tortasse
1344 3506 1416 3588 luga
1436 3508 1501 3571 soni

177 3607 353 3690 asperioris.

260 3715 285 3780 t
310 3716 345 3781 Χ.
369 3710 474 3774 Latino
497 3710 659 3796 alphabeto
678 3710 879 3774 vetustissimo
902 3709 1002 3773 littera
1023 3709 1099 3775 haec
1122 3731 1180 3776 non
1202 3710 1311 3788 deluit,
1334 3731 1432 3796 eaque
1454 3714 1500 3777 usi

177 3820 244 3878 sunt
273 3811 306 3876 in
332 3811 450 3894 graecis
478 3812 649 3878 nominibus
680 3818 795 3888 ΑΙΑΧ,
826 3815 1107 3886 nllseutuos,
1132 3820 1267 3891 boso,
1289 3821 1319 3878 θῑ
1344 3814 1374 3879 in
1403 3816 1502 3880 latinis

172 3921 318 3992 §El—TO,
337 3920 507 3994 Sfflto,
527 3920 738 3996 Mlti—omo,
755 3921 880 3986 tlt—ott.
904 3913 1042 3979 Formam
1061 3915 1242 3981 simillimam
1262 3916 1500 3983 Chalcidensium

177 4024 297 4082 serrant
320 4015 434 4080 nummi
448 4016 633 4092 Nouiorum,
650 4024 680 4081 et
694 4017 825 4082 laminae
843 4013 1006 4102 plumbeae
1023 4016 1183 4102 supensos
1198 4038 1275 4104 quas
1292 4016 1389 4084 edidit
1406 4038 1503 4103 nuper

176 4117 223 4182 Fr.
249 4118 494 4183 benormautius.
707 4115 712 4122 “

456 4349 491 4395 he
508 4348 608 4396 sisteris
625 4359 708 4404 supra
725 4357 880 4397 maerorum
900 4353 1013 4398 munus
1031 4347 1226 4398 eminentibus.

218 4527 351 4594 Litterae
372 4527 503 4595 initiales
525 4549 601 4616 quae
620 4532 807 4616 appellantur
825 4552 1040 4618 nonriunqnam
1058 4541 1227 4598 ceterarum
1244 4531 1399 4598 modulum
1417 4551 1503 4599 exce·

182 4631 264 4710 dunt,
280 4631 373 4717 idque
391 4633 424 4696 in
440 4632 619 4716 quibusdam
636 4635 766 4702 nummis
789 4637 898 4703 notavi.
921 4635 976 4701 Est
990 4638 1168 4703 uictoriatos
1187 4639 1264 4722 typis
1279 4638 1406 4707 vetustis
1422 4635 1504 4723 apud
