3650 5342
131 436 241 503 ponere
257 417 369 492 solitos,
384 417 458 480 alios
475 435 547 480 non:
565 424 598 480 ut
612 415 692 498 quod
709 415 817 500 partim
832 413 937 478 dicunt
952 421 1140 498 scaeptrnm,
1155 415 1263 497 partim
1280 421 1442 499 sceptrum,

132 522 177 584 alii
201 520 325 594 laeuus,
348 519 397 582 alil
421 519 518 582 lenus.
543 518 655 582 Contra
678 516 727 581 bic
752 517 886 611 videmus
909 539 924 578 e
946 522 1015 600 post
1037 538 1055 580 o
1077 516 1115 580 ab
1139 515 1290 600 aliquibus
1313 517 1442 601 positum

131 629 160 685 ut
181 622 234 685 alii
254 622 417 697 Saturnus,
433 622 482 685 alii
500 621 667 685 Saeturnus
682 621 834 700 dicerent,
850 638 886 683 ea
902 618 1036 697 ratione,
1053 637 1114 705 qua
1127 618 1271 684 Paniscos
1287 618 1442 683 Painiseos

129 726 372 808 pronuntiarent,
387 723 566 810 Asclepius,
590 723 770 807 bisclapius.

132 937 197 996 lbi.
222 931 259 1014 (=
275 934 322 1005 to,
346 931 372 994 Χ
397 929 470 1014 Fi).
494 966 533 976 -
558 930 601 994 Ex
624 948 695 1012 agro
720 928 846 994 hortano
870 928 1010 994 allatum:
1033 949 1111 994 nunc
1128 929 1157 993 in
1171 947 1275 994 museo
1289 926 1442 995 Vaticano.

575 1063 993 1158 satores-voceuoce

169 1239 247 1304 Puer
269 1236 367 1302 alatus
390 1233 474 1300 tibiis
498 1255 619 1300 canens.

170 1338 335 1423 Descripsi.
372 1337 508 1402 Notabile
538 1345 585 1402 est
616 1345 636 1407 Ρ
665 1338 798 1403 clausum
822 1340 851 1400 in
875 1357 951 1402 voce
972 1337 1110 1423 poculom
1133 1337 1216 1422 qnod
1239 1345 1339 1402 tamen
1361 1338 1440 1403 male

129 1451 265 1528 apertum
281 1442 519 1527 repraesentavit
536 1441 760 1506 Mommsenius.
777 1441 911 1506 Salutem
929 1440 1048 1505 coluere
1063 1439 1194 1524 antiqui,
1211 1441 1299 1505 inane
1314 1439 1441 1524 figmen-

130 1555 202 1620 lum,
225 1552 259 1608 ut
281 1545 456 1620 Fortunam,
480 1544 590 1628 quibus
615 1543 702 1608 fidem
722 1543 832 1607 nullam
850 1543 1019 1608 habendam
1034 1563 1101 1607 esse
1117 1543 1272 1627 praedicat
1286 1542 1440 1628 plautinus

130 1650 315 1734 Argyrippus
338 1649 368 1711 in
391 1647 530 1711 Asinaria
552 1646 614 1724 lll,
641 1651 709 1724 lll,
734 1649 793 1710 437
817 1645 875 1710 illis
897 1646 1015 1711 verbis:

819 1755 960 1833 exoptata
981 1749 1139 1833 obtingent

358 1852 395 1915 llt
416 1871 617 1929 consuevere,
642 1852 778 1918 bomines
802 1853 891 1918 Salus
914 1852 1074 1918 lrustralur
1095 1861 1127 1916 et
1147 1851 1287 1917 Fortuna.

132 2063 197 2123 l83.
223 2059 322 2142 (250,
346 2059 372 2122 Χ
396 2057 475 2142 Co).
497 2029 594 2120 -h
618 2076 690 2138 agro
713 2055 911 2142 tarquiniensi
935 2057 1097 2120 inventum.

572 2212 997 2282 volcani-nocolone
1097 2292 1100 2298 ,

170 2366 250 2457 Puer
273 2365 370 2431 alatus
392 2363 576 2430 alabastrum
599 2363 721 2428 sinistra
744 2371 866 2429 tenens:
890 2383 970 2450 pone
993 2362 1097 2429 berma
1116 2363 1269 2429 barbatus.
1337 2457 1342 2466 Ι

624 2593 704 2648 vm,
723 2594 840 2645 supellex
859 2589 944 2637 varin.

133 2779 199 2841 tol.
221 2778 257 2860 (z
273 2779 341 2851 166,
357 2772 384 2836 Χ
402 2751 455 2858 dp
476 2811 514 2822 -
531 2774 574 2839 Ex
591 2772 721 2838 brdeate
736 2773 860 2837 Romam
876 2772 1036 2837 advectum
1051 2771 1133 2837 vasis
1148 2773 1272 2838 testacei
1285 2773 1440 2858 fragmen·

275 2884 353 2955 tum,
377 2884 407 2942 et
429 2896 483 2963 per
505 2896 551 2941 me
574 2877 604 2940 in
628 2895 763 2942 museum
786 2875 1016 2945 Kireberianum
1038 2873 1168 2953 illatum,
1191 2899 1218 2943 v.
1241 2876 1302 2942 tab.
1323 2877 1354 2952 1.
1377 2881 1431 2966 ³„

492 3059 1075 3194 inuncabuntur-nonnul

170 3289 223 3354 Est
251 3289 295 3354 ori
324 3288 403 3352 vasis
431 3285 524 3352 illitus
552 3285 695 3372 penicillo
719 3289 823 3353 titulus
846 3287 948 3353 colore
972 3287 1059 3365 albo,
1082 3307 1117 3352 os
1138 3289 1235 3375 patuit
1254 3291 1439 3355 centimetris

129 3392 233 3456 decem
256 3397 287 3456 et
309 3398 377 3454 neto
400 3391 486 3456 euius
509 3391 571 3453 lere
594 3390 716 3455 dimidia
738 3409 809 3476 pars
832 3389 924 3455 bodie
947 3398 1028 3456 extat
1044 3390 1270 3475 inscriptionem
1287 3412 1347 3456 nnn
1362 3393 1440 3457 inte·

129 3513 211 3577 gram
229 3495 338 3558 serens.
362 3491 450 3558 Edidi
469 3493 597 3577 primum
616 3495 646 3558 in
665 3493 742 3557 llull.
761 3513 848 3578 neap.
864 3513 931 3558 meo
950 3493 1064 3558 litteras
1082 3502 1113 3559 et
1130 3494 1254 3560 formam
1271 3489 1456 3562 litterarum

127 3598 255 3662 reddens
278 3615 315 3660 er
337 3597 496 3671 memoria,
519 3615 586 3661 cnm
610 3596 783 3661 describere
800 3616 858 3661 nnn
873 3595 1027 3663 licuisset:
1046 3615 1106 3682 qno
1122 3598 1296 3669 factumest
1310 3605 1343 3663 ut
1357 3599 1439 3666 dono

128 3720 181 3784 pro
203 3701 314 3765 donem
338 3698 481 3764 dederim.
504 3699 614 3762 Decem
639 3700 726 3762 annis
749 3705 816 3784 post
838 3719 905 3764 cnm
929 3700 1055 3764 Romam
1072 3697 1223 3766 venissem
1239 3700 1438 3785 venalemqua

129 3803 225 3868 adbuc
254 3807 439 3888 prostantem
464 3801 609 3866 vidissem
639 3801 676 3864 ab
704 3800 757 3866 illo
787 3801 907 3866 bomine
932 3802 1051 3867 tandem
1074 3813 1107 3869 nt
1128 3824 1257 3871 emerem
1279 3804 1439 3890 impetravi

128 3925 268 3989 eramque
285 3904 424 3970 editurus·
437 3925 474 3970 ex
491 3903 694 3969 delineatione
710 3923 801 3989 quam
817 3904 888 3969 mibi
905 3904 1122 3971 conficiendam
1138 3925 1327 3974 curaveram.
1349 3907 1440 3974 Prae-

126 4011 213 4075 verlit
234 4007 441 4082 ltitsebelins,
465 4016 616 4072 annuente
639 4009 696 4071 nnei
719 4008 849 4093 depositi
873 4010 1020 4088 custode,
1044 4010 1140 4074 inscio
1162 4029 1219 4076 me.
1246 4009 1439 4096 Epigrapben

12 4121 14 4124 ’
128 4113 223 4210 primo
246 4109 381 4195 supplevi
405 4110 464 4174 sie:
488 4111 600 4174 Dromo
623 4111 754 4175 lameliai
774 4112 852 4177 dono
871 4131 977 4176 urnam
993 4112 1045 4176 dal
1059 4131 1113 4198 pre
1130 4130 1190 4196 quo
1205 4112 1313 4178 deinde
1329 4113 1439 4178 donem
1489 4138 1492 4146 ·

126 4233 207 4279 eram
230 4212 454 4278 emendaturus.
481 4211 663 4278 ltitsebelius
687 4233 757 4279 vero
781 4214 839 4297 (de
863 4213 945 4279 betil.
967 4215 1057 4280 litter.
1079 4216 1140 4299 26)
1163 4216 1194 4280 in
1215 4215 1295 4283 buno
1317 4215 1438 4281 modum

126 4318 295 4403 supplevit:
318 4315 443 4380 Promns
467 4314 596 4381 lameliai
621 4317 729 4382 donem
754 4324 854 4382 votum
878 4317 977 4382 dedit:
1001 4317 1089 4383 aliter
1109 4317 1341 4384 blommseuius:
1363 4319 1438 4386 llros

127 4421 218 4487 Marci
240 4418 331 4484 bomo
353 4417 484 4483 lameliai
507 4420 617 4484 donum
642 4420 708 4484 dat:
732 4427 762 4484 el
784 4421 928 4505 deinceps
950 4441 987 4515 err
1004 4421 1126 4487 meliore
1142 4422 1325 4509 apographo,
1341 4428 1373 4489 ut
1387 4425 1438 4502 ait,

128 4524 236 4590 donem
259 4521 367 4588 lubens
390 4522 449 4586 dat.
474 4521 552 4586 Nota
575 4523 691 4589 litterae
714 4531 866 4590 extremae
888 4532 1005 4610 partem
1028 4523 1220 4612 superstitem
1243 4545 1303 4592 non
1325 4527 1439 4614 expleri

128 4627 184 4690 nisi
206 4645 261 4710 per
283 4633 324 4702 v;
347 4643 441 4710 quare
463 4625 650 4690 Mommsenii
674 4626 886 4712 supplementa
907 4625 1076 4694 reiieienda
1095 4635 1173 4693 sunt.

1378 4766 1410 4818 lo
