3650 5342
1403 283 1437 344 ti

135 421 181 485 (tl
204 413 343 498 quamuis
366 411 397 475 iu
422 418 590 486 lh'tlilth
614 421 644 475 et
669 416 894 483 ntaanaros
915 407 1010 494 possit
1026 406 1119 473 videri
1134 415 1216 472 ortus
1232 412 1302 471 ante
1318 405 1449 471 medium

134 517 286 582 saeculnm
310 522 443 590 sextum,
467 535 534 579 cum
558 523 657 580 nmen
680 512 847 578 invaluisse
870 511 992 578 saeculo
1014 511 1143 596 septimo
1165 518 1278 575 certum
1301 516 1356 574 est,

174 617 260 683 Hauc
282 617 530 701 orthographiam
553 616 591 681 ah
613 614 705 681 Accio
724 616 889 702 prolectam
909 613 1029 700 putavit
1045 611 1230 678 ltitschclios
1247 611 1341 694 (Mon.
1357 610 1452 696 epigr.

133 721 199 792 tria.
223 741 253 806 p.
277 721 345 803 33).
369 721 515 805 Exempla
537 728 607 784 sunt
625 723 755 806 Quen,
778 723 1075 806 Quaerendae,
1099 722 1207 803 led,
1230 721 1363 802 Quies,
1379 719 1451 800 Qll·

134 836 245 906 4.4ΝΑ,
264 836 491 917 stontns,
512 836 651 917 PEQVS,
672 836 873 918 neovilla,
896 833 1147 915 eeQdanrns.
1164 826 1245 892 Olim
1259 825 1346 891 etiam
1359 832 1451 912 QVO

133 953 187 1019 pro
210 940 266 1006 (0
289 933 433 1020 scriptum
458 935 590 1000 declarat
613 936 641 998 in
666 954 755 1000 aerea
777 932 888 999 lamina
910 932 1030 997 Falisca
1055 936 1346 1018 Quotvnnnn,
1369 937 1399 994 et
1419 929 1452 993 in

134 1035 164 1100 S.
187 1035 219 1100 C.
236 1038 274 1102 de
290 1035 531 1102 Bacchanalibus
550 1042 790 1124 OQdott'ot)
807 1057 860 1122 pro
879 1039 1098 1110 OCOiTOD,
1114 1054 1221 1121 nempe
1237 1033 1366 1114 oeculto;
1382 1032 1453 1098 inde

136 1139 305 1220 inquilinus,
329 1141 493 1220 exquilinus
517 1160 568 1225 pro
590 1141 731 1204 inculinus
756 1140 902 1202 ancelinus
925 1137 1039 1223 ubique
1061 1135 1179 1201 mansit.
1200 1136 1246 1200 De
1269 1136 1365 1201 dorma
1386 1135 1452 1200 de-

134 1243 261 1322 pnonlnn
277 1243 306 1305 in
326 1243 404 1326 pede
418 1243 513 1307 cistae
531 1241 746 1309 Kircheriauae
763 1243 829 1325 lege
849 1261 928 1327 qnae
945 1237 1054 1325 scripsi
1076 1246 1180 1305 contra
1202 1237 1452 1304 contumeliosum

136 1342 366 1409 Mommsenium
384 1343 415 1407 in
434 1343 513 1410 Diss.
529 1344 616 1410 dreh.
637 1346 692 1409 vot
711 1345 742 1409 l⁰
758 1367 787 1431 p.
806 1349 874 1409 444.
897 1344 1012 1409 Nomen
1036 1351 1081 1408 est
1102 1339 1314 1429 praenestinae
1337 1341 1453 1407 Macel-

138 1447 203 1511 uiae
225 1455 385 1512 exaratum
409 1446 477 1512 stilo
498 1448 536 1513 ah
560 1455 680 1513 etrusco
697 1447 811 1513 artifice
829 1447 917 1514 cuius
935 1448 1035 1512 animo
1050 1446 1269 1512 obversabatur
1282 1443 1457 1530 illaquoina,

139 1550 218 1633 quod
234 1547 325 1614 vertit
343 1547 455 1634 ipsein
473 1550 657 1635 hiaqnoulna
671 1573 707 1614 on
722 1550 910 1638 diphthongo
926 1569 1069 1634 graecum
1087 1548 1117 1612 in
1135 1568 1245 1613 morem
1262 1568 1316 1634 pro
1331 1570 1351 1610 u
1365 1566 1457 1613 usur-

138 1659 216 1737 pata.
240 1651 372 1717 Saeculo
394 1653 521 1736 septimo
545 1661 686 1738 vergente
709 1651 832 1739 quidam
848 1661 975 1754 'vertere
1003 1659 1193 1717 tentaverunt
1220 1658 1312 1738 QVO
1341 1652 1371 1715 in
1394 1656 1453 1727 (ti,

138 1762 206 1827 inde
223 1771 321 1828 ortum
345 1768 586 1840 PROPthtlS,
607 1769 745 1841 Αξ(448,
762 1764 910 1849 quaedam
928 1762 973 1828 sic
990 1764 1105 1848 scripta
1119 1783 1268 1842 mansere,
1285 1769 1317 1828 ut
1331 1768 1457 1837 (441443,

139 1865 276 1948 (oens
298 1872 527 1954 OFSEQENS
550 1867 579 1931 in
596 1867 683 1932 titulo
699 1888 836 1953 capuano
855 1866 1026 1952 analogiam
1048 1865 1140 1932 hahet
1161 1888 1228 1934 cum
1254 1869 1458 1954 4440044444.

721 2105 806 2180 ddP.
835 2105 888 2180 Vl.

456 2300 490 2344 tte
507 2304 594 2344 necare
611 2307 626 2345 n
646 2297 752 2344 litter-ne
770 2297 799 2343 in
818 2300 937 2344 meranda
955 2296 1145 2343 declinatione.

185 2483 213 2546 in
235 2491 334 2548 aetate
358 2482 532 2548 definienda
554 2492 720 2571 usurpatae
739 2483 952 2549 declinationis
970 2483 1122 2549 nominnm
1138 2484 1290 2549 secundae
1305 2485 1334 2548 in
1353 2503 1393 2562 or,
1405 2505 1459 2557 oen,

143 2587 200 2650 duo
223 2593 427 2670 quaerentum
451 2587 539 2651 etde
562 2585 679 2670 origine
702 2586 823 2671 quidem
848 2587 983 2652 nonnulii
1007 2595 1078 2652 sunt
1093 2586 1144 2672 qui
1163 2594 1266 2673 putant
1283 2588 1311 2651 iu
1326 2585 1459 2670 linguam

143 2686 262 2751 latinam
287 2688 368 2752 hunc
393 2707 503 2752 nrorem
526 2708 544 2753 a
568 2691 769 2772 grammaticis
792 2710 828 2753 er
844 2710 953 2774 graeca
969 2688 1188 2753 consuetudine
1204 2708 1272 2753 esse
1286 2686 1457 2754 inductum:

123 2789 325 2854 'obsolevisse
349 2799 449 2854 antem
474 2797 540 2874 pust
564 2791 674 2855 beilum
698 2789 929 2856 Hannibalieum
952 2792 1030 2855 idest
1051 2801 1119 2876 post
1142 2790 1272 2855 medium
1300 2791 1361 2855 iere
1389 2809 1460 2854 sae-

143 2891 241 2956 culum
264 2901 393 2957 sextum.
417 2891 476 2955 hlii
500 2901 602 2957 teuent
618 2895 738 2958 Latinos
754 2891 981 2978 antiquissimos
997 2913 1057 2958 uon
1072 2894 1158 2958 aliter
1176 2913 1248 2958 usos
1263 2892 1461 2958 declinatione

144 2995 284 3069 secunda,
308 3013 366 3059 nec
388 2993 476 3059 aliter
499 2993 617 3060 flexisse
640 3016 731 3081 quam
746 2997 776 3059 in
792 3017 830 3072 ns,
847 3016 901 3070 om,
918 2994 1010 3080 idque
1026 2997 1205 3081 perdurasse
1221 2995 1258 3060 ad
1276 2995 1363 3061 hinem
1383 3015 1461 3081 pene

142 3095 211 3163 helii
232 3095 336 3182 punici
360 3096 462 3183 primi,
484 3096 563 3162 idest
586 3098 624 3163 ad
647 3118 757 3164 annum
779 3098 840 3162 lere
864 3121 891 3164 u.
915 3118 943 3163 c.
966 3103 1037 3163 did.

183 3203 221 3263 hl
245 3198 451 3264 vetustissima
474 3199 654 3266 Sabinorum
677 3207 884 3272 proconesum,
908 3202 989 3268 unde
1012 3199 1068 3266 orti
1090 3199 1196 3277 Marsi,
1220 3199 1330 3266 Falisci
1353 3208 1383 3267 et
1406 3200 1463 3266 Ca·

146 3311 270 3386 penates
295 3301 449 3367 declarant
471 3301 616 3368 flexuram
639 3301 669 3367 in
692 3325 735 3381 os,
754 3302 911 3368 cecinisse
934 3301 1021 3368 initio
1044 3302 1133 3368 unice
1156 3302 1461 3389 usurpatam31atina

148 3425 216 3470 uero
238 3404 420 3470 confirmant
442 3427 510 3470 cum
533 3407 725 3491 permiscent,
750 3426 848 3491 neque
867 3407 948 3470 enim
964 3405 989 3469 si
1005 3405 1075 3470 olim
1093 3427 1133 3485 ecs,
1149 3429 1197 3469 nnc
1214 3406 1302 3472 unice
1317 3414 1463 3492 usurpata

148 3507 259 3574 dexura
283 3515 337 3581 est,
361 3507 460 3592 potuit
482 3507 620 3573 accidere
643 3517 675 3574 ut
698 3507 798 3574 omnia
822 3508 993 3574 huiusmodi
1017 3518 1210 3573 monumenta
1240 3508 1387 3598 perierint
1412 3517 1465 3575 aut

147 3609 241 3676 adhuc
262 3611 386 3675 lateant.
705 3687 707 3692 Ι
1190 3601 1194 3608 ’

184 3711 387 3779 Vetustissimi
403 3711 507 3802 igitur,
520 3721 571 3778 aut
589 3713 627 3779 ad
643 3715 738 3778 instar
755 3713 1029 3780 vetustissimorum
1044 3713 1121 3780 tituli
1139 3722 1209 3779 sunt
1224 3715 1253 3778 in
1270 3714 1381 3799 quihus
1397 3713 1462 3781 nul·

147 3813 191 3879 lus
205 3814 418 3881 declinationis
434 3816 587 3881 secundae
598 3813 629 3880 in
642 3839 676 3880 ns
693 3837 764 3881 usus
780 3824 920 3903 apparet:
937 3817 985 3881 his
1002 3816 1187 3883 recentiores
1203 3819 1253 3902 qui
1270 3819 1330 3882 iam
1348 3823 1463 3883 utram·

148 3935 203 3999 que
224 3917 372 3984 llexuram
396 3919 532 3994 miscent,
557 3926 589 3982 ut
611 3917 749 3983 videmus
771 3920 801 3983 in
825 3919 944 3985 duahus
966 3918 1051 3985 cistis
1064 3917 1276 4005 praenestinis,
1292 3919 1323 3982 in
1342 3920 1471 3986 totidem

147 4019 272 4086 resculis
295 4020 430 4095 catenis,
461 4018 606 4105 alibique.
638 4022 783 4107 Exempla
804 4029 873 4086 sunt
906 4027 1095 4097 StthVS,
1133 4029 1294 4102 Ε844408;
1324 4027 1463 4098 sitlos,

149 4126 384 4202 secundeum
410 4129 552 4198 RETVS.
574 4130 774 4197 onerato.

188 4223 277 4292 Usum
300 4224 516 4290 declinationis
539 4229 569 4290 in
592 4233 663 4304 os,
687 4233 752 4299 οΜ
778 4247 916 4292 cessasse
938 4225 1102 4313 incipiente
1129 4228 1249 4293 saeculo
1271 4234 1375 4305 serlo,
1396 4227 1465 4292 oiim

150 4330 261 4408 putarit
289 4327 486 4394 Ritsehelius:
511 4331 663 4415 protessus
698 4338 743 4395 est
776 4331 883 4393 deinde
915 4330 993 4395 hunc
1026 4350 1137 4395 onorem
1170 4327 1357 4395 obsolevisse
1385 4331 1467 4395 circa

153 4447 178 4492 a.
194 4435 262 4494 540.
284 4429 521 4507 Mommsenius,
545 4433 597 4518 qui
621 4431 722 4498 nescio
745 4453 805 4517 quo
828 4453 931 4498 amore
953 4430 1115 4498 innovandi
1138 4433 1217 4498 hello
1240 4433 1347 4518 punico
1369 4430 1466 4517 primo

153 4531 218 4598 lacit
238 4553 344 4599 nomen
361 4534 441 4599 ,nelli
462 4533 652 4600 Hannibalici
680 4536 722 4619 (n.
745 4542 805 4600 not.
827 4535 864 4600 ad
887 4536 1019 4622 inscript,
1037 4541 1107 4616 467,
1124 4538 1220 4621 4448)
1237 4556 1305 4602 cum
1321 4533 1467 4601 tenuisset

154 4631 219 4699 olim
241 4634 474 4704 declinationem
497 4640 524 4702 in
543 4659 584 4718 or,
600 4659 643 4700 om
660 4636 748 4704 simul
764 4635 897 4722 uiguisse
916 4659 984 4705 com
1001 4636 1265 4718 declinationem,
1280 4655 1345 4717 ung
1358 4635 1468 4702 deinde
