3650 5342
339 270 391 330 lib

325 395 355 457 di
371 412 463 479 opere
480 392 652 459 idrauliclre
668 390 791 469 antiche
806 391 966 457 rinvenute
983 391 1064 457 uella
1083 391 1157 458 citt'a
1174 391 1205 456 di
1220 392 1343 478 Alatri).
1360 391 1496 458 Monrms.
1511 391 1653 460 llitsche-

324 497 398 562 lium
421 496 525 562 laudat
546 497 628 580 quod
650 503 733 561 recte
756 494 956 582 explicaverit
979 497 1303 571 nonnullorum
1323 497 1367 559 tit.
1384 495 1507 562 dictrin.
1527 518 1557 582 p.
1576 501 1653 572 iti,

325 619 393 665 esse
417 618 516 665 arcem
539 597 671 666 scilieet:
695 598 839 684 additque
860 596 995 664 fornices
1017 599 1067 682 qui
1085 599 1115 663 in
1132 599 1218 664 titulo
1234 597 1429 664 nominantur
1444 619 1497 665 eos
1512 619 1580 665 esse
1600 602 1653 684 qui

324 722 424 788 aquae
447 704 570 767 ductum
593 702 632 765 ad
655 721 756 767 arcem
778 701 1058 767 sustinueruntllt
1080 698 1156 766 nibil
1179 703 1287 766 rninus.
1310 700 1372 767 Neo
1395 703 1475 767 enirn
1498 702 1536 767 ad
1552 722 1653 768 arcem

324 825 420 890 usque
442 823 541 890 aquae
564 803 702 870 salientis
725 805 770 869 vis
793 804 891 890 potuit
912 802 1097 889 pertingere,
1120 824 1175 868 nec
1198 805 1250 888 qui
1275 809 1428 877 necent
1451 826 1478 870 r.
1496 811 1514 869 6
1530 806 1653 892 proprio

324 907 473 973 vocabulo
495 906 672 992 appellavit,
695 905 806 972 deinde
829 928 898 973 earn
916 913 1110 979 nuovotn
1125 924 1252 972 vocasse
1266 905 1426 992 probabile
1442 906 1484 972 fn.
1507 907 1655 972 Fornices

325 1011 376 1095 qui
399 1010 489 1076 simul
511 1029 579 1075 curn
602 1008 711 1075 listulis
733 1010 839 1075 solidis
862 1008 933 1075 iacti
956 1009 1099 1075 dicuntur
1122 1009 1141 1072 ii
1165 1016 1244 1089 sunt,
1267 1029 1396 1094 quorum
1418 1011 1524 1075 ruinae
1554 1009 1654 1076 adbuc

323 1114 463 1179 visuntur
479 1111 510 1177 in
532 1112 610 1178 valle
643 1119 843 1198 constantque
859 1119 947 1178 cocto
964 1131 980 1176 e
996 1112 1102 1186 latere,
1118 1117 1249 1197 suntque
1272 1112 1343 1200 pilis
1365 1111 1507 1198 suspensi
1522 1113 1655 1197 quadra-

324 1217 369 1281 tis.
391 1215 529 1281 Porticus
552 1222 659 1281 contra
679 1217 814 1281 constitit
836 1236 853 1280 e
872 1215 1041 1290 columnis,
1064 1234 1193 1300 quarum
1217 1215 1306 1280 bases
1329 1215 1377 1280 his
1400 1216 1488 1280 annis
1515 1217 1653 1301 proxime

323 1318 424 1385 adbuc
446 1318 696 1384 ostendebantur.
727 1319 848 1384 Arduus
870 1319 958 1383 locus
981 1318 1033 1383 ille
1056 1326 1121 1393 est,
1145 1316 1176 1382 in
1201 1339 1292 1402 quem
1315 1337 1396 1404 aqua
1429 1319 1539 1384 fistulis
1569 1339 1653 1384 cour·

324 1440 431 1506 pressa
445 1422 550 1488 solidis
566 1443 603 1488 ex
625 1421 728 1486 iniirna
749 1421 828 1486 valle
850 1421 920 1486 salit
941 1440 997 1507 per
1010 1421 1106 1506 pedes
1128 1420 1266 1486 CCCXl..
1289 1421 1470 1487 Fistularum
1489 1421 1653 1488 solidarum

324 1525 473 1608 quaedam
496 1516 664 1608 fragmenta
686 1525 803 1589 invenit
828 1524 859 1588 Ρ.
883 1524 1017 1607 Angelus
1044 1522 1204 1599 Scccbius‚
1228 1524 1285 1589 bae
1308 1544 1380 1590 vero
1410 1531 1562 1591 testaceae
1585 1533 1656 1592 sunt

323 1647 507 1713 crassaeque
529 1627 593 1692 lere
615 1625 812 1714 semipedem.
833 1627 947 1692 Lucum
970 1629 1061 1691 etiam
1085 1628 1122 1692 ad
1146 1635 1262 1711 portarn
1292 1629 1316 1692 is
1348 1627 1503 1705 indicavit,
1532 1626 1594 1692 imo
1624 1635 1655 1692 et

322 1749 462 1819 caupurn
484 1728 538 1795 ubi
560 1729 632 1795 olinr
655 1731 799 1796 luderent
821 1750 839 1795 a
862 1730 942 1794 Varo
966 1731 1093 1795 lactum:
1109 1729 1256 1795 subiectis
1284 1729 1365 1795 tubis
1391 1730 1564 1814 ingentibus
1582 1730 1655 1794 sob-

325 1833 491 1918 tilibusque
513 1852 550 1898 ex
574 1839 652 1900 testa
673 1852 783 1917 porosa
804 1833 968 1916 strigarum
994 1833 1022 1898 iu
1045 1832 1166 1906 modurn
1190 1833 1357 1918 dispositis,
1381 1834 1432 1919 qui
1457 1851 1564 1917 aquam
1588 1833 1656 1919 plu-

324 1935 403 2002 riam
427 1955 443 2001 e
466 1953 575 2020 campo
598 1937 756 2020 superiore
778 1937 808 2000 in
832 1936 929 2002 lossas
944 1937 1028 2002 circe
1046 1955 1184 2020 campum
1204 1937 1314 2001 ductas
1330 1936 1535 2001 corrirabant.
1551 1935 1655 2014 Quare

324 2057 430 2122 campo
452 2036 638 2102 Aletrinates
660 2037 712 2104 ubi
735 2039 874 2104 luderent
895 2040 938 2103 uti
956 2038 1056 2104 hierne
1074 2040 1165 2103 etiarn
1183 2037 1340 2103 commode
1360 2044 1533 2123 potuerunt.
1550 2037 1654 2122 Neque

324 2140 448 2206 obruam
470 2141 591 2206 silentio
614 2140 714 2206 lacum
736 2141 774 2207 ad
797 2150 915 2226 portam
939 2139 1030 2206 hodie
1055 2140 1175 2208 Seccbii
1204 2140 1331 2206 consilio
1359 2141 1504 2206 relectum
1535 2159 1652 2225 purga-

325 2253 457 2330 tumque,
479 2263 591 2329 equam
613 2246 723 2309 iterum
742 2264 779 2310 ex
802 2264 838 2309 eo
854 2246 977 2329 antiquo
1001 2245 1092 2309 ductu
1115 2244 1255 2329 excipere
1271 2244 1419 2330 coepisse.
1435 2242 1569 2310 Titulum
1583 2250 1654 2307 ante

323 2346 435 2411 bellurn
456 2348 617 2412 marsicum
640 2345 770 2434 positum
794 2349 907 2429 arguit,
931 2348 974 2412 ait
996 2347 1148 2420 blomne,
1172 2347 1255 2432 quod
1278 2347 1390 2430 legitur
1403 2367 1432 2412 v.
1458 2351 1496 2412 tt
1513 2351 1651 2411 senatum

323 2447 464 2514 Retilieni
486 2447 549 2514 lilio
570 2450 724 2536 stipendia
745 2447 888 2515 militaria
910 2450 1017 2515 merita
1040 2469 1108 2515 esse
1131 2449 1270 2515 iussisse.

368 2553 459 2634 Quod
482 2553 555 2618 olim
578 2552 639 2617 dini
662 2553 692 2617 in
715 2571 790 2618 rocc
813 2553 910 2618 omnis
932 2554 1233 2638 isupercminentem
1249 2553 1355 2630 videri,
1370 2554 1401 2620 id
1424 2571 1483 2618 non
1506 2551 1654 2619 affirmavi

326 2655 429 2742 lapide
450 2654 606 2742 inspecto,
629 2656 685 2721 sed
706 2657 887 2722 auctoritate
910 2655 1056 2741 dlpbonsi
1080 2654 1187 2740 Giorgi
1210 2675 1300 2741 quern
1324 2675 1361 2721 ea
1383 2657 1421 2723 de
1445 2675 1479 2722 re
1501 2656 1652 2724 consului.

325 2757 390 2824 Vidi
413 2765 522 2843 postea
542 2777 580 2824 eo
603 2759 632 2822 in
656 2757 722 2824 loco
745 2757 856 2824 detrito
877 2758 1012 2845 aliquam
1034 2777 1102 2824 esse
1124 2757 1208 2832 illius
1234 2767 1240 2830 Ι
1265 2757 1397 2845 speciem
1420 2765 1544 2826 tantum.

327 3003 416 3064 tora.
442 3031 480 3046 -
503 2997 628 3074 Aletrii,
650 3001 678 3064 in
701 2999 829 3067 aedibus
853 2999 995 3086 publicis.

813 3161 1163 3229 tenerenturne

935 3264 1042 3333 loon

365 3411 530 3500 Descripsi.
553 3413 647 3497 Lege:
671 3413 710 3478 bl.
733 3412 877 3479 direnius
900 3411 939 3476 Μ.
964 3413 983 3477 l.
1007 3413 1146 3480 Romilia.

325 3641 415 3703 tato.
438 3671 477 3682 -
498 3635 604 3704 Aletrii
627 3639 658 3702 in
681 3635 810 3704 aedibus
831 3635 975 3724 publicis.

528 3817 680 3879 (bttuatur.)
725 3795 873 3865 ΑΤΠΟ
890 3797 918 3864 Ν
935 3797 956 3864 Ε
972 3798 979 3863 Ι
995 3797 1014 3864 S

730 3898 952 3968 stenelus
975 3928 983 3943 ·
1006 3903 1052 3966 on
1077 3929 1084 3942 ·
1107 3898 1128 3965 Ε
1153 3927 1160 3942 ·
1186 3897 1246 3963 ute

729 4002 869 4070 eureus
893 4032 900 4047 ·
924 4003 1023 4071 stet·
1050 4003 1119 4070 ΕΤ·
1138 4001 1247 4069 svers

729 4107 964 4174 nurnero·
990 4110 1035 4173 nn
1059 4135 1065 4149 ·
1092 4105 1111 4172 F
1136 4135 1143 4149 ·
1167 4106 1244 4172 ΑΝΙ

731 4209 920 4278 itfufito
944 4240 951 4254 ·
978 4212 1023 4276 nn
1048 4240 1055 4253 ·
1081 4210 1101 4274 f
1125 4239 1133 4254 ·
1156 4209 1242 4274 ΑΝΙ

727 4311 1245 4380 Ε(ΙΑΕ·[·Ρ·Ρο81[[ΑΕ·νΧο

727 4413 1247 4483 nurnero-rutundum&

762 4518 903 4585 fretae
920 4547 926 4561 ·
944 4520 1048 4584 nou
1075 4547 1081 4560 ·
1108 4516 1244 4583 00th

852 4619 1244 4689 rone-truvrneso
