3650 5342
1388 217 1390 224 ⁴
1435 236 1485 294 aar

171 357 251 420 inter
271 360 428 421 senatores
441 375 468 423 a.
489 360 550 421 688
566 362 755 433 numeratur,
772 363 917 442 quaestor
935 358 991 422 tuit
1008 365 1076 424 ante
1092 357 1171 424 hune
1191 379 1313 436 annum,
1330 378 1387 424 nco
1404 357 1499 424 Mami

171 456 252 524 fitius
274 464 332 534 est,
355 479 411 523 nec
435 458 529 524 fitium
551 459 687 526 Marcum
716 458 860 526 habuisse
884 460 1071 547 perhibetur.

139 752 146 764 ·
173 716 264 778 tior.
287 749 330 762 -
351 713 484 779 Genzani
506 712 538 779 in
560 715 688 780 aedibus
711 716 942 794 commisionis,
968 735 984 778 e
1006 715 1109 799 lapide
1132 714 1251 781 albano.

263 877 265 881 ’
319 874 683 943 Νν·ΑνοΝΝ8·ΛΝ·[
920 876 1179 944 Nil-AVONWS

384 976 631 1045 MENANDER
953 978 1200 1046 ttexsonuet

318 1078 676 1152 liN·itii0NiVS·iiN·i²
742 1099 867 1160 (triton.)
914 1081 1082 1146 outonis
1107 1110 1114 1126 ·
1140 1081 1192 1146 Ρ·

493 1182 581 1248 etot
946 1183 1287 1250 adinventus-urta

212 1343 367 1429 Descripsi
389 1344 534 1429 edidiquc
555 1345 585 1408 in
609 1346 716 1410 donat.
740 1347 837 1411 tostit.
862 1327 952 1410 icoo.
975 1346 1092 1411 Ibidem
1116 1347 1194 1412 ‹tuae
1218 1345 1312 1411 stelae
1327 1352 1397 1411 sunt
1419 1365 1498 1432 quae

170 1443 215 1510 sic
236 1446 442 1512 inscribuntur
467 1453 617 1525 tutto,
649 1449 761 1515 omissa
790 1449 902 1534 pedum
933 1450 1091 1514 mentione.
1119 1449 1143 1513 Ε
1172 1456 1214 1514 tot
1237 1449 1359 1514 drioiac
1390 1446 1499 1514 Maniis

170 1549 250 1613 unde
272 1549 426 1633 proverbii
448 1550 515 1615 loco
538 1550 637 1616 tuere:
660 1551 747 1616 Multi
771 1551 863 1617 titanii
886 1551 1016 1630 Ariciae,
1040 1554 1100 1617 duo
1123 1550 1307 1618 avoniorum
1324 1549 1425 1617 liberti
1441 1551 1498 1616 soti

170 1672 238 1717 eum
260 1651 300 1716 Μ.
322 1654 438 1718 dvenio
460 1651 524 1719 tilio
546 1662 678 1720 aetatem
701 1655 844 1721 tuterunt.

172 1925 262 1986 tros.
282 1920 521 2004 protomart,
535 1923 576 2006 a).
600 1957 639 1967 —
660 1920 695 1986 ln
719 1941 791 2007 agro
815 1922 948 1986 tanivino
973 1922 1142 2008 opistpiium
1160 1921 1244 1986 aedis
1260 1919 1375 1986 ordinis
1392 1919 1499 1985 dorici.

193 2090 1476 2178 omittamus-(tt·n·Q·rtnootttt·tttutttrtts·tudone-sitietis!
1525 2095 1530 2106 '

654 2200 1016 2269 morti-tectorem

213 2366 347 2434 Titulum
370 2369 506 2434 sincerae
528 2366 687 2433 vetustatis
720 2368 844 2450 agnovit
864 2367 1084 2432 titommssnius
1108 2373 1139 2431 et
1168 2365 1381 2450 propugnavit,
1414 2361 1499 2430 ouius

171 2479 241 2536 tunc
264 2471 390 2538 extabat
411 2470 540 2537 artificio
562 2473 677 2535 recenti
700 2470 851 2556 sculptum
875 2470 1048 2556 exemptum
1070 2469 1101 2533 in
1117 2467 1231 2534 lamina
1247 2468 1377 2534 ardesia.
1404 2466 1498 2534 Veras

171 2573 390 2663 appellationes
409 2575 541 2651 iunonis,
565 2593 645 2658 quae
668 2573 815 2638 hactenus
839 2573 993 2638 latuerant
1015 2573 1044 2636 in
1059 2572 1167 2636 litteris
1194 2577 1299 2643 tdeit
1318 2577 1349 2635 et
1364 2569 1500 2655 explica·

170 2678 291 2756 bantur,
313 2679 388 2742 luno
410 2677 534 2763 Sospita
555 2677 667 2760 Magna
687 2677 816 2760 Regina,
840 2675 911 2740 inde
936 2663 1106 2740 didicimus.
1123 2674 1368 2740 'Monumentum
1401 2674 1499 2739 medio

171 2781 292 2849 saecuto
314 2779 444 2866 septimo
465 2778 669 2866 propinquum
693 2786 779 2863 putat
800 2779 1001 2857 Bitschctius,
1025 2777 1132 2842 Enarr.
1157 2777 1217 2842 tab.
1239 2798 1267 2863 p.
1291 2783 1341 2842 at.

174 3063 263 3124 ttoa.
285 3060 414 3142 i=tttt
432 3058 450 3140 i.
473 3090 511 3100 —
532 3055 657 3121 Fidenis
680 3076 697 3121 e
722 3053 822 3139 lapide
845 3055 999 3120 tiburtino.

683 3216 835 3284 rusti(
860 3249 867 3260 ·
892 3216 965 3282 stu
990 3247 996 3260 ·

682 3319 997 3401 menandro-r

680 3425 721 3488 t·
738 3422 879 3489 mater
897 3452 904 3466 ·
920 3423 996 3487 tr

531 3545 657 3607 (litimin.)
712 3525 964 3592 0V0·ViR[i·iii

681 3626 998 3694 Tetnntrtnutttff

209 3796 390 3862 Continuato
412 3795 588 3878 magistratu
611 3815 666 3880 per
681 3815 777 3860 annos
794 3803 864 3871 tres,
883 3793 1034 3862 duumviri
1051 3791 1172 3857 tertium
1189 3792 1339 3858 dicuntur.
1362 3829 1400 3839 -
1421 3791 1455 3856 tt.
1481 3799 1493 3858 t

170 3901 237 3982 lege
254 3898 412 3964 Publioum
435 3896 641 3975 Fidenatium,
664 3917 774 3982 nempe
796 3897 882 3960 locus
914 3896 1063 3981 publicus.
1087 3897 1139 3980 qui
1167 3894 1192 3959 si
1214 3894 1373 3979 vectigalis
1403 3894 1497 3958 iactus

170 4010 228 4077 est,
251 4000 407 4087 publicum
429 3999 560 4082 vectigal
583 4001 711 4064 dicetur.
732 3999 836 4063 Habes
859 4001 888 4063 in
906 3999 1202 4064 Castronovanorum
1231 3996 1356 4062 thermis
1379 3997 1496 4061 titutum

171 4113 333 4190 repertum,
357 4104 502 4170 hactenus
519 4123 578 4166 non
596 4109 677 4167 reete
699 4103 822 4180 editum,
841 4122 932 4186 quem
955 4103 1040 4183 teges
1063 4101 1125 4166 sic:

658 4261 935 4354 rusticum

660 4348 938 4437 memmio

660 4465 940 4532 urcrrcau

626 4569 936 4656 saturarum

1162 4212 1182 4250 p
