3650 5342
371 295 407 364 56.

480 429 566 494 Nune
590 430 768 516 progrediar
791 433 829 498 nd
849 431 1085 517 descriptionem
1103 453 1290 498 nummorum
1308 433 1492 519 reliquarum
1508 433 1615 498 1441444
1633 452 1682 498 44-

396 531 476 594 bium
506 554 584 616 quae
614 554 726 598 annum
755 535 839 598 urbis
868 538 1010 599 44444444
1034 539 1095 599 547
1118 537 1165 600 441
1189 545 1272 600 cerlo
1294 537 1498 610 anleeedunl,
1524 538 1681 601 4414444-

398 635 508 700 cedere
532 634 697 722 videnlur..

946 809 1032 883 GAP.
1060 810 1097 884 V.

373 985 479 1032 44444444
498 985 553 1034 neni
572 987 694 1040 percussi
713 989 742 1034 44
760 987 842 1034 serris
859 988 1025 1036 sabinorum
1043 996 1070 1036 er
1087 993 1277 1041 Borestorum.
1294 1001 1371 1035 mare
1389 989 1461 1037 inser
1478 997 1504 1039 er
1521 989 1659 1041 4444444444,
1694 1059 1702 1068 Ι

791 1093 910 1147 luemque
928 1092 957 1137 ln
975 1093 1058 1139 terris
1076 1093 1245 1140 Latinorum.

345 1237 403 1314 4111.
428 1253 459 1334 a)
487 1253 530 1315 144
560 1272 634 1336 agro
664 1251 875 1338 Tarquiniensi
906 1255 994 1320 aenei
1022 1256 1338 1329 144444444444444,
1368 1257 1538 1342 pendentes
1568 1256 1680 1340 singuli

394 1353 489 1418 libras
513 1355 575 1420 lere
598 1357 688 1433 dues,
711 1357 787 1421 41444
810 1377 854 1440 gr.
871 1357 940 1438 gall.
958 1363 1029 1432 609,
1053 1360 1129 1422 aller
1152 1379 1195 1443 gr.
1213 1364 1283 1424 4444.
1307 1359 1430 1425 Habent
1451 1379 1506 1447 pro
1530 1361 1617 1443 signo
1636 1362 1682 1424 lu-

390 1459 479 1522 'nulns
502 1458 591 1540 gibbo
614 1460 671 1524 sibi
696 1461 853 1545 oppositas
869 1459 898 1523 in
915 1463 1058 1525 extremis
1077 1461 1179 1528 loleris
1199 1463 1679 1548 [4444444444144444144444444,

394 1563 575 1627 4144441444
600 1560 792 1626 intervallum
816 1583 947 1628 vaenum
970 1565 1119 1629 44144444.

436 1663 469 1746 b)
495 1663 613 1730 Tertius
637 1666 714 1729 14444
737 1665 809 1729 mihi
833 1673 966 1751 amplus,
989 1670 1037 1731 cni
1062 1669 1150 1733 444444
1168 1688 1239 1753 pars
1259 1669 1368 1734 deesse
1386 1671 1522 1747 videtur,
1542 1671 1680 1752 pendens

393 1787 436 1848 gr.
461 1768 531 1851 gall.
557 1771 625 1843 444,
648 1766 740 1833 habel
762 1769 791 1833 in
813 1767 911 1834 medio
931 1769 1051 1855 duabus
1068 1773 1258 1836 inlerieelum
1274 1773 1387 1837 lunulis
1403 1773 1568 1855 3444444144
1585 1792 1682 1858 oppo-

390 1868 457 1934 silis
480 1877 592 1934 aslrum
613 1872 766 1935 radiorum
786 1878 914 1958 septem.
939 1874 1004 1936 14144
1020 1880 1180 1957 praelerea
1196 1874 1365 1957 iragmenla
1381 1876 1489 1940 eodem
1506 1875 1680 1940 lunularum

392 1981 463 2057 lypo
486 1973 595 2037 4144444
618 1994 655 2039 44
679 1995 714 2040 44
738 1993 812 2057 agro
836 1995 892 2040 nee
916 1975 989 2040 alibi
1009 1977 1108 2041 adhue
1125 1978 1220 2053 visae,
1238 1977 1309 2042 mihi
1327 1978 1439 2043 dudum
1457 1985 1679 2062 persuaserunt

390 2081 510 2140 valeres
533 2075 622 2141 liuius
642 2077 775 2160 regionis
790 2078 906 2142 incolas
923 2077 981 2140 sibi
998 2077 1073 2141 14444
1089 2098 1162 2142 4444
1179 2081 1249 2143 olim
1269 2079 1449 2146 4144444414
1466 2080 1514 2144 his
1529 2086 1576 2145 esl
1592 2080 1678 2156 14444,

395 2197 485 2262 quam
510 2179 599 2243 mono
623 2181 735 2264 prono,
760 2180 922 2256 armonius,
947 2181 997 2265 qn
1021 2180 1089 2244 roco
1113 2182 1236 2246 41444
1258 2180 1351 2247 nane
1372 2184 1500 2247 litteram
1524 2167 1679 2253 44444

396 2283 589 2346 transversim
612 2289 685 2346 4444
708 2282 813 2347 librae.
849 2283 973 2368 llaque.
998 2282 1115 2348 ralioue
1137 2283 1337 2366 longitudinis
1360 2292 1391 2350 el
1414 2286 1558 2370 ponderis
1581 2287 1681 2358 44444,

395 2403 430 2446 ex
455 2385 679 2469 praedictorum
703 2384 886 2462 4411444444,
917 2393 1046 2471 apparel
1068 2395 1155 2452 nolas
1178 2389 1323 2472 ponderis
1346 2389 1478 2453 medinm
1505 2387 1606 2454 loeum
1629 2409 1681 2454 oe·

393 2505 542 2572 44444444,
574 2488 661 2564 444414
689 2485 767 2552 44444
789 2489 849 2553 dun
880 2495 904 2559 Α
937 2492 1067 2554 44444444
1090 2491 1128 2553 ad
1152 2490 1234 2554 hune
1257 2492 1380 2557 modum
1416 2491 1560 2584 -.
1594 2491 1683 2572 Quae

393 2609 568 2673 4444444444
583 2605 696 2694 oplime
711 2606 919 2688 confirmatur,
936 2612 1058 2674 4444444
1075 2612 1251 2695 nuperrime
1265 2610 1440 2697 Tarquiniis
1458 2613 1554 2678 allero
1571 2612 1681 2677 similis

396 2738 507 2800 nummi
531 2737 717 2820 fragmenlo‚
741 2735 773 2800 in
796 2757 857 2822 quo
881 2746 927 2802 444
950 2744 975 2809 Α
1000 2747 1029 2803 41
1053 2736 1142 2804 444444
1166 2738 1311 2806 librarum
1336 2747 1407 2806 nola
1434 2760 1496 2868 pfl.

433 2899 463 2982 e)
488 2896 585 2963 eria
607 2897 685 2965 aeris
709 2898 811 2982 gravis
834 2898 865 2964 in
890 2919 962 2982 egro
986 2899 1196 2987 tarquinieose
1213 2921 1311 2988 nuper
1326 2901 1450 2980 effossa,
1469 2905 1570 2969 444444
1594 2911 1622 2976 Α
1646 2903 1678 2968 44

333 3031 336 3040 ’
392 3001 493 3066 444444
515 3011 544 3065 44
567 3003 700 3067 lunulam
724 3001 754 3066 io
781 3004 912 3088 poslien,
937 3025 1003 3068 cum
1028 3012 1100 3069 nola
1120 3004 1245 3078 unciae.
1269 3007 1404 3089 pondere
1428 3028 1473 3091 gr.
1497 3013 1548 3081 23,
1560 3012 1613 3072 (111.

433 3105 467 3188 li)
492 3111 517 3176 Α
541 3103 570 3168 44
585 3103 712 3182 Ι441444,
735 3103 766 3168 44
789 3104 906 3189 posliea
930 3125 1003 3169 vero
1027 3127 1098 3171 area
1122 3127 1218 3173 vacua
1242 3109 1286 3173 vel
1311 3109 1477 3175 eadueeus.

477 3205 572 3270 Uneia
594 3214 642 3270 444
664 3205 745 3271 aeris
769 3209 885 3289 gravis,
909 3207 992 3271 edila
1009 3229 1026 3273 a
1042 3207 1177 3274 llarehio
1195 3208 1275 3274 inler
1290 3209 1418 3276 4444444.
1441 3211 1517 3278 Cum
1534 3232 1572 3276 ex
1588 3211 1680 3298 aquis

393 3307 601 3372 4444441144444
623 3308 705 3373 411444
729 3308 817 3374 nohis
833 3311 901 3373 Ι4444
923 3309 1101 3374 huiusmodi
1125 3310 1237 3375 nummi
1262 3316 1402 3399 exempla
1423 3314 1680 3400 quatuordecim,

392 3420 421 3486 el
444 3431 511 3476 cum
536 3412 669 3476 caduceo
694 3413 722 3475 in
746 3413 862 3496 posliea
885 3411 991 3494 viginti
1016 3422 1147 3500 sepiem,
1173 3415 1260 3480 444414
1278 3415 1408 3482 indueor
1426 3425 1460 3484 ul
1477 3417 1532 3482 hos
1554 3437 1679 3503 quoque

391 3515 427 3578 ed
452 3534 504 3579 aes
527 3512 751 3600 Tarquiniense
773 3515 920 3580 reseram:
944 3517 1077 3600 pendere
1101 3525 1202 3582 aulem
1225 3519 1322 3583 solenl
1346 3539 1390 3600 gr.
1415 3524 1463 3594 17,
1474 3525 1524 3584 50.

350 3621 400 3680 ll.
424 3617 457 3697 4)
488 3619 522 3690 111
550 3613 579 3679 44
604 3615 721 3692 444444,
746 3619 784 3687 llll
812 3616 841 3682 in
867 3620 994 3703 posliea

517 3719 615 3803 Capul
637 3717 756 3783 suinum
778 3717 809 3783 in
834 3719 944 3785 444444.

474 3820 555 3908 lolem
580 3829 668 3906 lypus
690 3820 720 3885 in
744 3824 879 3908 posliea,
903 3831 933 3888 el
956 3832 1026 3888 nola
1048 3824 1196 3890 serlenlis
1221 3848 1274 3898 ..z
1299 3827 1413 3912 pendel
1435 3847 1480 3910 gr.
1506 3833 1556 3892 56.

434 3924 466 4006 4)
492 3930 526 3996 1Λ
552 3943 660 4008 supra,
688 3923 833 4014 Minlra,
857 3925 887 3990 in
909 3925 1020 3994 anlioa.
1047 3937 1052 3943 ’

516 4026 648 4092 Granum
673 4027 778 4094 hordei
801 4037 832 4094 44
855 4038 926 4095 4444
949 4028 1067 4094 uooiae.

517 4129 551 4194 ln
573 4129 692 4216 postica
715 4130 781 4196 ilos.

471 4233 585 4298 4444144
606 4256 650 4318 gr.
675 4238 726 4300 28.
761 4235 892 4321 Ulerque
924 4256 1064 4302 nummus
1093 4238 1173 4303 aeris
1202 4238 1303 4321 gravis
1331 4247 1376 4304 est
1398 4239 1428 4305 in
1452 4240 1677 4320 Kirelreriano;

246 4393 249 4403 .
387 4336 475 4401 sedes
497 4335 665 4420 ignoratur.

347 4445 393 4503 4444.
420 4446 495 4513 544
517 4439 547 4505 44
571 4439 700 4525 posliea.
801 4443 805 4452 “

514 4545 690 4628 4444434144
714 4553 744 4608 44
767 4552 837 4609 4444
860 4545 979 4612 444444.

514 4645 547 4710 14
571 4645 686 4732 posliea
709 4647 814 4712 unciae
838 4656 919 4714 nola.
