3650 5342
153 383 223 444 att.
249 381 370 468 (Suppl.
397 380 438 459 ll,
462 382 520 444 tub.
543 382 569 444 ll
594 383 645 465 C).
672 419 708 428 --
733 377 858 468 Neapoli
882 383 962 470 apud
985 382 1214 467 negotiatorem.

262 597 309 664 ·t(·
334 592 464 659 tttttto
632 586 734 652 Edidit
756 586 940 653 llitschelius
961 588 1018 654 loc.
1034 590 1083 655 cit.
1102 611 1139 655 ex
1162 587 1369 655 delineatione
1392 591 1467 655 Det-

593 692 709 758 lelseoi.
734 691 846 756 Littera
869 699 901 764 0
925 700 971 757 est
991 693 1108 758 mediae
1132 694 1253 758 formae.
1277 693 1465 758 Praenomen

156 792 263 871 Kaiso,
285 795 372 859 cuius
394 814 492 860 causa
509 793 607 858 Latini
629 790 757 860 litteram
783 801 805 866 t<
827 803 1022 880 receperunt,
1047 807 1078 861 ut
1100 817 1118 862 a
1141 800 1336 882 praenomine
1360 804 1381 870 <
1403 799 1468 861 sire

158 897 250 962 Cario
273 898 354 982 quod
379 905 448 963 tunc
470 917 523 982 pro
547 897 642 962 Gavio
665 899 853 963 scribebatur
875 897 939 964 sive
961 897 1034 964 Caio
1063 900 1292 982 distinguerent.
1326 899 1469 964 Elemen-

157 1008 217 1065 tum
250 1005 271 1071 t(
301 999 410 1066 Graeci
440 1019 537 1086 aeque
567 1021 602 1066 ac
631 1002 729 1066 Latini
757 1003 921 1086 aliquando
943 1002 987 1067 ita
1008 999 1144 1066 scribunt
1166 1010 1199 1066 ut
1222 1002 1330 1066 lineam
1354 1010 1468 1067 rectam

156 1101 236 1168 linea
265 1103 359 1167 altera
387 1123 440 1168 seu
470 1123 564 1168 curva
587 1123 622 1167 eu
645 1106 705 1184 sit,
733 1105 796 1168 sive
820 1107 849 1168 in
872 1106 1016 1186 angulum
1041 1106 1156 1178 tracta,
1180 1124 1239 1168 non
1263 1113 1387 1188 tangat,
1414 1106 1467 1170 sed

157 1227 252 1292 prope
274 1207 400 1272 accedat
422 1205 451 1270 in
474 1207 554 1271 bunc
572 1208 692 1272 modum
717 1213 750 1278 l(
775 1214 816 1279 κ.
841 1208 987 1273 Punctum
1005 1207 1111 1290 siglam
1130 1209 1313 1292 praecedens
1327 1209 1472 1295 exemplis

158 1319 239 1376 caret
261 1317 358 1374 aetate
382 1308 436 1376 hac
459 1309 571 1374 liberae
594 1311 636 1375 roi
659 1311 807 1395 publicae.
831 1310 961 1376 Saeculo
983 1319 1087 1377 octavo
1111 1310 1272 1398 incipiente
1295 1312 1327 1376 T.
1343 1311 1470 1378 Clodius

157 1413 188 1476 iu
216 1431 308 1478 aureo
337 1433 457 1478 nummo
480 1414 587 1496 siglam
610 1415 813 1498 praenominis
836 1415 879 1479 sic
902 1416 1044 1501 scriptam
1068 1414 1193 1499 praebet
1228 1420 1353 1487 ·tt·t=.
1390 1414 1472 1479 Cave

159 1523 258 1580 tamen
283 1535 319 1580 ne
342 1513 399 1580 boc
421 1525 571 1600 tamquam
594 1517 730 1602 exemplo
753 1519 869 1581 utarise
887 1536 954 1583 nam
977 1525 1120 1602 punctum
1144 1518 1228 1582 initio
1244 1519 1398 1603 appictum
1415 1524 1471 1592 est,

158 1617 268 1684 indicio
292 1626 324 1683 ut
345 1628 427 1684 asset
449 1620 587 1684 lectionis
610 1620 832 1687 continuandae
856 1628 929 1686 cum·
947 1640 1036 1686 versu
1059 1619 1230 1706 superiore.

706 1779 943 1847 recoctus

705 1905 713 1921 ·
729 1882 756 1948 ld
774 1905 781 1920 ·
798 1882 818 1948 Ρ

162 2038 233 2099 5⁰8.
258 2071 296 2082 -
320 2032 443 2100 Calibus
466 2041 626 2118 repertum.

253 2221 468 2310 ¹l(·ttt'ttt0
504 2223 514 2236 ’
636 2237 752 2300 Prodiit
773 2237 802 2300 in
828 2236 951 2302 iudicat.
976 2236 1126 2311 archacol.
1147 2230 1318 2320 (dre-bacol.
1334 2234 1474 2318 duzeig.)

597 2343 676 2404 ⁴863
699 2360 730 2424 p.
751 2343 806 2403 79:
830 2340 955 2406 tractavi
978 2341 1008 2402 iu
1033 2341 1110 2404 Dies.
1134 2343 1182 2403 cit.
1205 2360 1233 2424 p.
1259 2343 1307 2404 ld.

165 2549 238 2608 509.
263 2545 401 2628 (=tt99,
422 2543 466 2610 xl
488 2543 542 2627 Kb.
572 2581 614 2591 -
640 2542 674 2606 ln
688 2525 857 2609 'manubrio
880 2545 995 2608 vasculi
1018 2565 1054 2609 ex
1078 2552 1160 2610 creta
1183 2545 1310 2609 caolina.
1334 2542 1423 2609 Extat
1444 2545 1474 2608 in

185 2701 191 2720 .
314 2666 417 2713 museo
439 2645 646 2712 Kircberiano.

276 2859 300 2922 Π
318 2856 430 2926 ·<ΑΙιΙ
601 2850 752 2934 Descripsi
772 2850 914 2934 edidique
933 2851 962 2914 in
980 2850 1082 2935 Epigr.
1100 2869 1200 2934 pomp.
1218 2848 1344 2935 graphio
1359 2853 1479 2937 scriptis

560 2973 588 3036 p.
606 2957 662 3030 25,
686 2953 765 3019 unda
783 2954 910 3037 sumpsit
925 2952 1118 3016 iliter-helius.
1142 2953 1297 3034 integrum
1312 2952 1479 3033 vasculum,

167 3056 274 3122 eodem
297 3055 412 3139 sigillo,
437 3054 538 3120 Vulcis
562 3055 672 3122 vidisse
689 3075 721 3119 se
737 3057 869 3120 narravit
891 3055 1059 3132 Bromius,
1076 3063 1105 3118 et
1121 3055 1273 3118 terebatur
1288 3073 1323 3119 eo
1339 3057 1369 3119 in
1386 3057 1479 3142 hypo-

168 3177 245 3243 gaeo
267 3156 443 3232 inventum,
474 3178 510 3224 cx
533 3178 592 3243 quo
614 3178 682 3224 mea
704 3177 797 3243 opera
820 3158 1064 3224 basternarum
1089 3156 1209 3227 duobus
1232 3155 1381 3222 Vibennis
1407 3159 1483 3223 bulo

168 3270 199 3329 et
220 3261 324 3328 Caelio
346 3260 522 3348 prodierunt
545 3260 576 3324 in
600 3263 707 3327 lucem.

169 3471 237 3532 ato.
250 3503 290 3516 -
306 3467 339 3532 ln
352 3466 474 3534 vasculo
487 3475 633 3553 capenate
647 3465 753 3533 litteris
766 3465 939 3532 extantibus
952 3455 1009 3531 sub
1022 3466 1122 3549 sigillo
1134 3464 1307 3550 delphinum
1322 3465 1481 3540 referente,

316 3591 343 3636 r.
366 3579 385 3636 ι.
408 3571 452 3649 ll,
477 3576 504 3636 3.

283 3780 347 3849 <El
418 3835 427 3856 ,
517 3775 677 3843 vasculum
700 3773 826 3861 graphio
847 3775 1024 3860 inscriptum
1043 3793 1157 3857 quaere
1172 3774 1251 3839 intra
1265 3771 1297 3838 in
1312 3772 1485 3860 epigraphis

470 3879 678 3966 capenatibus.
709 3879 768 3959 Qui
798 3878 959 3962 descripsit
980 3877 1108 3964 graphio
1132 3885 1266 3943 notatam
1297 3876 1484 3963 epigraphen

171 3980 343 4050 Henaenius
367 4003 475 4050 nomen
498 3981 612 4049 Celeris
635 3980 718 4067 figuli
742 4002 801 4047 oon
825 3981 915 4056 vidit,
940 3990 987 4046 est
1009 3980 1089 4046 enim
1112 3983 1221 4047 litteris
1235 3983 1417 4065 impressum
1433 3982 1488 4044 mi-

173 4088 337 4153 nutissimis
360 4094 452 4174 atquc
475 4086 570 4152 aciem
594 4084 787 4168 fugientibus.

175 4296 207 4356 bl
220 4298 243 4356 t.
268 4329 305 4340 -
328 4293 362 4358 ln
381 4293 494 4358 turmae
512 4298 664 4356 testaceae
684 4292 828 4376 parvulae
844 4289 969 4374 postica,
986 4261 1097 4354 litteris
1112 4289 1182 4355 stilo
1197 4288 1365 4373 impressis.
1381 4288 1488 4352 dntica

320 4403 412 4481 caput
433 4394 523 4460 habet
545 4381 661 4478 egregii
684 4394 784 4478 operis
806 4391 920 4457 bodera
942 4398 972 4456 et
995 4393 1145 4502 lemniscis
1168 4392 1351 4456 redimitum.
1569 4383 1572 4389 ’

241 4664 242 4672 ,
284 4605 322 4671 l·
340 4608 367 4672 Μ
540 4600 702 4685 Descripsi.
725 4598 822 4681 Siglas
847 4601 889 4668 l·
909 4602 937 4668 Μ
963 4617 1074 4664 nomen
1095 4597 1221 4662 artificis
1244 4598 1358 4664 reterre
1380 4605 1462 4684 puto.
