3650 5342
362 266 391 321 ll

342 385 399 452 mis
418 408 464 462 m,
484 394 523 466 ε,
550 386 587 459 ξ,
606 395 641 468 ς,
666 389 681 470 3
700 437 707 458 ‚
726 393 754 460 ς.
779 386 921 453 Sicilicus
944 386 1078 471 pingitur
1099 395 1130 453 ut
1152 386 1257 452 lunula
1280 406 1369 452 versa
1386 389 1424 451 ad
1443 383 1562 452 laevam
1581 391 1600 458 )
1619 387 1667 451 rol

344 494 377 554 ut
390 488 473 554 linea
487 499 571 556 recta
586 491 615 552 in
632 491 775 574 angulum
793 489 888 555 tracto
905 490 1075 569 );scutula
1093 491 1156 555 lere
1174 495 1207 553 ul
1224 496 1292 555 zela
1308 495 1333 560 Ζ
1350 489 1397 554 vel
1416 487 1461 555 sic
1475 487 1667 586 quinciam

344 591 484 677 exprimit
507 591 647 659 circellus
669 594 775 678 plenus
799 625 816 662 0
840 591 904 656 sivo
923 593 1077 675 globulus,
1097 612 1308 677 nonnunquam
1327 591 1409 656 linea
1426 590 1530 658 iacens
1549 628 1600 657 —.
1616 589 1669 656 Sic

343 693 593 780 interpretaberis
623 703 709 760 notas
733 715 750 759 a
775 693 926 761 Viscoutio
955 693 1052 759 Ennio
1081 693 1211 773 Quirino
1238 693 1331 759 lectas
1353 692 1383 757 iu
1408 701 1553 776 argentea
1575 713 1670 777 capsa

343 799 474 877 RXXtt
488 834 505 845 -
518 799 597 880 ιιιξ,
613 796 669 862 hoc
686 804 739 872 est,
757 803 828 861 sunt
843 796 939 861 librae
955 793 1137 879 vigintiduo,
1148 795 1256 862 unciae
1274 804 1343 868 tres,
1360 794 1461 860 semis.
1477 793 1589 862 l'nciae
1604 814 1669 871 sex,

344 918 422 982 quae
440 899 556 965 iaciunt
570 899 666 964 librae
682 897 852 978 dimidium,
866 900 963 964 solent
978 899 1034 965 huc
1049 898 1136 981 signo
1153 897 1249 964 notari
1265 905 1282 972 s
1299 897 1331 961 in
1349 897 1488 972 nummis,
1502 916 1563 982 quo
1578 895 1670 981 signo

343 999 444 1078 etiam,
460 1004 514 1066 sed
532 1021 613 1078 raro,
630 1000 732 1078 semis,
751 1001 782 1065 id
799 1009 845 1065 est
859 1000 986 1088 quaevis
1001 999 1128 1066 dimidia
1143 1021 1215 1088 pars
1230 1000 1429 1083 significator,
1444 1009 1476 1064 ut
1491 999 1522 1063 in
1539 997 1669 1064 dimidio

343 1103 485 1168 sestertio
508 1124 631 1169 romano
657 1110 687 1177 ts
712 1105 743 1187 (;
755 1124 798 1177 as,
822 1103 997 1188 quadrans),
1014 1103 1051 1167 ⁴in
1069 1103 1198 1168 nummis
1212 1101 1370 1167 Venusinis
1386 1136 1404 1172 a
1422 1108 1457 1181 S,
1480 1101 1561 1167 idest
1576 1100 1670 1168 uncia

343 1204 451 1280 semis,
475 1205 540 1271 sive
563 1205 722 1284 scxuncia;
745 1205 816 1270 item
840 1213 875 1282 S,
900 1204 1063 1272 semuncia.
1093 1204 1278 1270 vetustiores
1304 1203 1416 1270 nummi
1446 1202 1507 1270 alio
1532 1203 1667 1288 siguo(

344 1305 547 1382 semunciam,
566 1306 627 1372 alio
646 1314 663 1381 S
687 1304 843 1372 semissem
867 1305 1066 1393 distinguunt.
1090 1309 1265 1373 llatrienses
1280 1307 1391 1392 quibus
1407 1306 1486 1372 libra
1502 1313 1549 1370 ost
1562 1307 1670 1373 decem

344 1409 518 1487 unciarum,
543 1410 702 1476 semissem
726 1412 927 1496 quincuncem
950 1411 1062 1497 duplici
1085 1410 1188 1495 sigon,
1211 1412 1265 1478 sed
1288 1417 1357 1477 raro
1372 1419 1488 1484 nutant,
1501 1415 1610 1496 nempe
1625 1411 1670 1475 si·

343 1531 403 1594 gno
427 1519 441 1584 ι
464 1511 495 1577 in
519 1512 620 1578 antica
643 1512 755 1578 nummi
778 1512 897 1598 posito,
921 1512 1018 1578 unciis
1040 1515 1190 1601 quinquo,
1215 1546 1330 1583 ..η
1346 1546 1382 1588 .,
1406 1511 1436 1577 in
1460 1511 1587 1597 postica.

936 1751 1021 1826 ute.
1041 1751 1076 1824 ll·

836 1947 871 1990 lle
888 1944 987 1991 titteris
1004 1944 1176 2000 nimmia
1256 1967 1262 1976 ⁴

385 2127 449 2192 Non
474 2135 520 2192 est
542 2126 631 2192 nobis
653 2128 905 2212 praetercundum
929 2128 1073 2211 quasdam
1096 2127 1224 2191 inveniri
1246 2127 1362 2192 litteras
1383 2126 1414 2191 in
1434 2135 1576 2194 contentu
1599 2148 1669 2194 ora·

343 2231 430 2295 lionis
459 2249 538 2312 quae
560 2229 755 2314 retrogradae
778 2230 817 2296 ab
840 2229 974 2318 antiquis
996 2229 1127 2316 scriptae
1149 2210 1235 2308 su‘nt3
1264 2229 1295 2293 in
1319 2229 1433 2315 quibus
1455 2232 1600 2296 solemnis
1621 2239 1670 2296 est

343 2331 444 2397 littera
467 2338 502 2407 ),
524 2334 647 2398 lunulae
670 2333 699 2396 in
724 2336 844 2398 modum
869 2333 981 2411 ellicta,
1004 2333 1051 2397 vel
1075 2340 1092 2403 >
1116 2331 1202 2398 lineis
1220 2333 1339 2399 duabus
1353 2334 1445 2399 rectis
1466 2335 1505 2399 ad
1523 2335 1669 2418 angulum

342 2435 483 2500 obtusum
499 2434 620 2501 iunctis.
639 2435 724 2500 llanc
739 2435 810 2500 olim
834 2443 900 2521 post
915 2443 1054 2501 auctores
1068 2442 1186 2500 veteres
1202 2434 1309 2518 siglam
1325 2435 1470 2501 dixerunt
1483 2435 1668 2503 recentiores

343 2557 405 2620 qua
427 2536 525 2602 liberti
550 2535 716 2602 libertaeve
739 2536 897 2615 Caiarum,
923 2557 1029 2622 nempe
1052 2535 1229 2612 mulierum,
1251 2557 1330 2624 quae
1352 2537 1502 2604 communi
1518 2539 1668 2605 vocabulo

342 2642 426 2704 Coloe
438 2639 678 2725 appellabantur,
689 2639 951 2724 dignoscerentur.
963 2639 1048 2705 Nunc
1059 2638 1177 2704 collatis
1190 2639 1391 2706 monumentis
1404 2639 1546 2727 apparuit
1559 2637 1682 2726 siglam

342 2741 424 2807 illam
448 2741 567 2828 signum
590 2761 658 2806 esse
680 2741 811 2826 positum
829 2763 884 2828 pro
902 2742 1022 2808 nomine
1045 2749 1196 2828 patronae.
1220 2742 1327 2826 ltaque
1346 2741 1442 2828 siqui
1461 2762 1581 2827 quaere
1598 2764 1669 2809 mu·

342 2843 426 2910 lieris
442 2844 572 2911 alicuius
590 2863 710 2918 servus,
724 2843 867 2922 libertus,
881 2845 988 2910 liberta
1003 2853 1096 2922 essct,
1108 2846 1154 2909 vel
1167 2845 1257 2930 plene
1271 2843 1497 2912 inscribebatur
1510 2844 1669 2922 Aemilius,

343 2946 488 3012 Aemiliae
510 2947 652 3024 libertus,
675 2947 798 3023 liberta,
821 2947 869 3013 vel
892 2947 949 3014 bac
972 2947 1051 3032 sigla
1076 2958 1109 3026 >‚
1137 2955 1174 3022 t„
1197 2967 1294 3034 eaque
1316 2948 1487 3033 legebatur,
1509 2948 1667 3023 molieris,

342 3069 449 3136 nempe
472 3049 636 3126 Aemiliae,
658 3049 710 3114 lib.
740 3051 823 3116 llaec
850 3071 928 3135 quae
951 3049 1013 3115 dixi
1036 3071 1133 3136 nuper
1154 3050 1330 3142 contirmala
1351 3058 1422 3115 sunt
1442 3050 1530 3116 titulo
1553 3051 1669 3116 llomae

341 3160 472 3238 reperto,
495 3150 526 3217 in
551 3173 611 3238 quo
635 3154 810 3235 retrograda
832 3153 938 3219 lunula
960 3153 1059 3238 posita
1083 3160 1131 3218 est
1152 3173 1205 3238 pro
1228 3151 1336 3218 initiali
1359 3153 1507 3219 imminuti
1534 3152 1669 3219 nominis

341 3260 583 3327 etormet!
606 3292 622 3303 -
642 3259 719 3327 )Otl
740 3296 747 3311 ·
771 3262 812 3328 l.,
841 3275 949 3340 nempe
978 3254 1139 3321 Corneliae
1160 3255 1259 3320 libert.
1290 3253 1444 3339 Singulari
1471 3256 1612 3340 exemplo
1634 3255 1670 3320 lit

344 3356 509 3442 aliquando
532 3365 565 3422 ut
586 3355 702 3422 litterae
727 3364 763 3436 q,
784 3363 876 3434 ,1,ι,
900 3358 1071 3425 scribantur
1096 3377 1150 3443 pro
1173 3356 1293 3433 Puella,
1318 3355 1456 3435 liberta,
1478 3356 1564 3421 Filia.

920 3597 1005 3669 ote.
1033 3595 1085 3669 vt.

408 3793 442 3836 lla
460 3789 585 3836 ductilius
602 3789 690 3846 rigari·
708 3764 755 3836 seu
772 3792 805 3836 de
823 3799 892 3836 nexu
911 3788 1080 3846 litter-mn,
1099 3792 1125 3834 et
1141 3797 1237 3834 mn
1255 3787 1463 3835 arianorum
1483 3792 1600 3837 narone.

382 3971 511 4038 litteras
531 3983 709 4038 connectere
725 3971 791 4038 ausi
812 3970 898 4056 primi
916 3969 1042 4046 Graeci,
1065 3969 1137 4035 inde
1153 3990 1227 4034 usus
1241 3968 1272 4033 in
1291 3971 1442 4036 llomanos
1465 3974 1669 4057 promanavit.

342 4097 396 4142 nec
420 4085 518 4142 taruco
543 4076 658 4142 statim:
683 4095 813 4160 namque
837 4095 872 4139 ex
893 4071 1095 4139 monumentis
1113 4094 1192 4158 quae
1208 4073 1245 4138 ad
1263 4073 1418 4138 saeculum
1440 4074 1580 4158 quintum
1598 4097 1669 4162 per-

339 4179 444 4256 tinent,
462 4178 583 4245 unicum
599 4180 745 4245 hacteuus
762 4178 933 4261 exemplum
948 4177 1093 4262 praebent
1109 4174 1256 4240 Venusini
1276 4175 1387 4241 nummi
1404 4197 1463 4241 nou
1479 4176 1524 4242 illi
1541 4177 1669 4264 quidem

339 4282 419 4348 aeris
442 4281 559 4367 gravis,
580 4284 634 4347 sed
657 4278 822 4355 trientarii,
846 4277 898 4344 ubi
922 4279 1050 4363 legimus
1074 4281 1111 4355 bk
1132 4285 1387 4360 monogrammate
1404 4279 1559 4365 scriptum
1585 4281 1667 4348 Sac-

338 4388 438 4454 culum
466 4393 581 4450 sextum
613 4404 671 4449 non
703 4391 829 4468 usurpat
857 4379 915 4446 nisi
939 4380 969 4444 in
995 4379 1123 4445 nummis
1152 4379 1249 4455 cusis,
1272 4388 1307 4446 ut
1331 4389 1478 4467 appareat
1504 4382 1536 4449 id
1562 4383 1669 4470 polius

337 4491 450 4556 tactum
471 4487 531 4553 loci
554 4485 705 4572 angustia.
730 4487 762 4551 ln
787 4484 942 4572 lapidibus
960 4482 1087 4569 primum
1108 4482 1279 4568 exemplum
1295 4484 1441 4568 praebent
1456 4485 1587 4553 vertices
1603 4496 1668 4553 ter·

337 4591 488 4661 minorum
507 4589 616 4657 aetatis
635 4588 843 4668 Gracchanae,
863 4609 891 4656 a.
911 4609 940 4655 u.
961 4591 1032 4663 ιιι,
1049 4583 1081 4650 in
1098 4589 1150 4666 ld,
1164 4592 1241 4666 tol,
1259 4584 1380 4665 deinde,
1399 4587 1544 4672 angustia
1561 4588 1670 4675 spatii,
