3650 5342
1412 247 1461 305 m

151 378 224 440 000.
245 373 363 460 stoli,
385 373 433 457 bl.
456 408 494 421 -
515 374 612 441 (ileos
634 373 745 441 bollion
767 375 807 439 od
830 373 945 440 lionam
968 371 1093 439 Siciliae
1114 371 1221 439 urbem
1244 378 1371 457 reperio.

677 576 950 653 mulsos-f
1299 581 1473 643 audii.

773 684 853 754 (08

193 884 225 949 1,.
250 886 449 972 Calpurnium
471 886 505 953 L.
521 889 541 952 l.
557 887 700 957 Pisonem
715 888 870 955 consulem
886 886 1003 955 Bonam
1019 886 1180 955 obsidione
1196 886 1347 974 pressisse
1363 906 1391 954 o.
1404 892 1475 961 009.

149 989 231 1075 qnod
253 998 335 1054 esses
356 990 562 1058 firmissimum
583 991 779 1076 logiummn
803 990 1000 1078 praesidium,
1024 998 1142 1058 oonslal
1164 1010 1200 1057 ex
1223 990 1388 1075 glandibus
1410 990 1474 1056 bel·

106 1112 111 1123 ·
148 1088 214 1159 lieis
235 1111 273 1157 eo
295 1092 362 1158 loeo
385 1091 514 1180 reperiri
535 1094 647 1160 solitis:
672 1114 729 1161 neo
751 1103 851 1162 lemen
874 1096 942 1183 ipse
963 1094 1044 1180 oepil
1065 1091 1120 1161 sed
1150 1092 1255 1161 consul
1284 1094 1475 1179 insequentis

150 1195 220 1260 anni
241 1193 391 1281 Rupilius.

151 1508 222 1569 000.
243 1546 281 1558 -
305 1503 431 1573 ibidem.

709 1617 741 1681 l.·
769 1616 860 1686 Pi·
874 1616 912 1682 i·

773 1717 850 1786 <05

191 1896 273 1964 llisil
293 1897 476 1964 delineatam
499 1900 538 1965 de
561 1896 691 1965 liinieis.

152 2209 223 2271 000.
246 2206 384 2291 (εο03).
408 2237 447 2247 -
467 2206 575 2275 Bonae
594 2214 725 2295 repenle.

769 2397 861 2465 niso

195 2597 308 2662 liorem
330 2594 487 2681 glandium
509 2593 769 2663 inscribendanum
794 2616 811 2661 a
833 2596 959 2661 Graecis
982 2596 1107 2662 Romani
1138 2595 1280 2663 videnlur
1308 2598 1474 2685 accepisse.

151 2698 365 2767 venustissima
386 2718 465 2785 quae
488 2698 625 2767 leunnlur
647 2697 786 2783 exempla
807 2699 962 2784 perlinenl
991 2698 1028 2763 ad
1058 2698 1247 2765 obsidionem
1279 2698 1474 2775 Ennonsem,

150 2803 417 2889 inscribuonuqoo
439 2802 563 2868 nomine
585 2802 720 2867 consulis
741 2800 871 2867 Pisonis.

152 3116 221 3178 003.
247 3113 365 3217 (ε550,
388 3112 462 3191 LIV,
486 3112 518 3190 l,
542 3114 587 3197 a).
609 3158 646 3166 .-
670 3112 769 3197 Prope
792 3110 938 3178 Hadriam
963 3113 1111 3199 padauem
1136 3110 1248 3177 labula.

627 3340 665 3405 Ρ·
690 3338 901 3409 louluulls
925 3339 999 3404 <4
1300 3354 1325 3397 a.
1350 3353 1380 3398 u.
1404 3338 1475 3399 622.
1543 3365 1545 3377 ·

774 3442 852 3510 (OS

685 3545 817 3617 dxxx!

193 3762 305 3831 Consul
328 3762 361 3827 P.
380 3762 527 3849 Popillius
545 3764 661 3849 aliquoi
677 3764 784 3829 llaliao
799 3764 865 3827 vias
880 3770 933 3829 aul
948 3764 1055 3830 elnavil
1070 3763 1196 3849 primus,
1211 3770 1265 3830 aul
1279 3765 1476 3833 oonliuuosil.

150 3866 223 3933 Tria
244 3868 283 3933 ob
305 3886 343 3933 eo
358 3866 425 3932 iona
442 3864 566 3931 condita
581 3873 787 3941 numerantur,
801 3868 931 3950 primum
950 3868 1033 3952 quod
1052 3864 1143 3933 hodie
1161 3874 1306 3951 corrupto
1325 3869 1473 3935 vocabulo

151 3968 367 4056 Fonlimpopoli
389 3976 582 4056 nuncupatur
602 3989 657 4035 sex
679 3986 823 4054 passuum
846 3967 978 4033 suillibus
999 3968 1179 4047 aCaesenn,
1195 3969 1365 4037 seeundum
1380 3990 1475 4058 prope

151 4073 287 4158 Capuam
311 4072 392 4156 quod
415 4072 513 4137 serius
535 4070 674 4137 coloniae
697 4072 743 4136 lus
765 4080 796 4135 el
818 4079 1050 4154 cognomentum
1073 4070 1200 4159 accepi,
1225 4072 1346 4137 lentium
1370 4074 1400 4137 in
1417 4072 1476 4138 Lu-

151 4174 260 4243 oanine
282 4174 416 4246 linibus,
440 4174 527 4239 Polla
546 4174 638 4241 hodie
660 4174 781 4241 dioilnr.
806 4173 860 4241 Via
881 4175 921 4239 ad
950 4194 1041 4258 quam
1072 4172 1123 4239 hio
1149 4174 1298 4257 ¹terminus
1327 4176 1410 4241 elelil
1437 4175 1476 4241 ab

153 4275 271 4345 Hadria
291 4276 434 4343 lendebal
462 4278 641 4351 Ariminum.
671 4274 724 4341 lisl
751 4297 824 4343 vero
851 4276 966 4343 inomao
996 4276 1163 4361 quadratae
1190 4278 1220 4341 iu
1249 4283 1372 4343 anulum
1399 4277 1477 4344 inira

152 4380 303 4455 desinens.
325 4388 360 4447 ul
380 4387 530 4465 opponent
551 4386 651 4446 lernae
675 4379 800 4445 infixum
822 4378 894 4445 olim
917 4379 1021 4445 luisse.
1044 4378 1201 4447 Cilnbnlur
1222 4384 1346 4465 propior
1360 4383 1371 4444 i
1385 4399 1477 4467 super

151 4490 270 4551 selenas
291 4484 409 4549 lilleras
430 4481 613 4549 eminenlem
634 4482 666 4549 in
688 4481 833 4568 Popillio:
858 4484 947 4549 modu
970 4481 1081 4549 seimus
1105 4502 1207 4551 errore
1230 4483 1261 4548 id
1284 4482 1396 4550 leolum
1415 4483 1477 4549 edi·

153 4588 235 4666 lonis,
257 4588 307 4654 oui
328 4585 359 4653 in
382 4584 483 4673 lapide
505 4584 633 4656 dolrilns
656 4587 741 4653 loeus
763 4587 897 4671 speeiem
921 4586 1061 4673 praebuit
1083 4588 1094 4649 i
1117 4586 1381 4673 supereminentis.
