3650 5342
1423 331 1473 390 327

159 450 330 538 appellatur
350 468 398 534 pr.
420 469 473 534 pro
496 470 571 526 cos,
594 451 684 515 modo
706 470 761 536 pro
784 470 846 518 oos.
868 451 878 535 4
885 450 908 514 1.
931 450 967 516 N.
991 451 1203 536 0404004430
1228 459 1258 516 et
1279 451 1338 518 hoc
1361 453 1486 538 quidem

158 573 226 618 cum
249 553 331 617 nullo
354 553 512 618 intervallo
542 553 602 618 dno
631 553 730 618 officia
758 554 1019 619 continuarentur.
1056 554 1244 634 Quaestores
1275 574 1346 620 varo
1377 555 1489 640 quihus

161 675 196 721 cr
220 675 285 720 sen.
308 657 454 747 consulto,
478 656 523 719 vel
548 656 631 740 lege,
653 657 803 742 praetoris
826 656 956 723 officium
980 659 1174 723 committitur
1196 678 1319 724 cursum
1341 658 1488 724 honorum

159 757 203 823 ita
224 768 394 836 recensent,
420 768 452 824 ut
475 760 564 824 modo
585 765 745 844 praetores
767 766 797 825 et
819 767 1009 844 quaestores,
1032 762 1122 826 modo
1145 769 1324 846 quaestores
1348 768 1379 825 et
1400 780 1489 846 prae-

160 868 240 926 tores
263 861 462 947 appellentur.
486 864 665 947 Magistratu
689 863 810 928 tandem
834 864 951 929 urbano
974 885 993 929 a
1014 863 1196 950 provinciali
1220 883 1273 950 per
1296 863 1489 931 intervallum

160 964 299 1029 seiuncta
322 963 463 1031 accidere
485 963 593 1049 potuit,
617 973 659 1041 ut,
683 965 735 1050 qni
758 973 904 1050 quaestor
923 986 978 1053 pro
993 973 1132 1052 praetore
1147 974 1239 1031 antea
1254 967 1361 1044 luerat,
1379 967 1490 1033 deinde

161 1065 248 1132 lieret
268 1075 400 1152 praetor,
425 1074 456 1130 et
477 1068 673 1132 successione
695 1086 749 1152 pro
772 1069 889 1134 consul.
1520 1065 1522 1072 ’

162 1333 253 1396 etas.
278 1331 357 1416 (πρ.
381 1334 460 1408 000,
481 1332 527 1415 tr).
550 1367 592 1382 ·-·
614 1331 729 1396 Rornae
752 1337 871 1397 tessera
893 1331 976 1416 apud
998 1332 1183 1403 Aloandrnm
1206 1329 1365 1397 iuniorem.

226 1489 637 1592 rruomnsv'sneneur
771 1504 920 1590 Equidem
951 1505 1022 1588 qun
1054 1505 1131 1569 tarsa
1159 1504 1198 1566 sn
1224 1523 1282 1569 non
1305 1501 1426 1581 annin,
1449 1501 1491 1568 m

394 1604 482 1673 plna
731 1607 957 1671 ldommsenins.
981 1609 1021 1671 m
1034 1605 1197 1688 genuinam
1215 1626 1281 1672 eam
1298 1625 1365 1672 esse
1381 1605 1489 1671 similis

314 1712 553 1780 §offertum
731 1717 847 1775 tessera
868 1709 977 1794 probat
999 1710 1038 1774 alr
1061 1709 1225 1774 lluebuero
1244 1710 1318 1786 risa,
1342 1727 1486 1794 quaeque

386 1809 487 1861 undeno
731 1812 809 1878 duae
825 1813 906 1896 apud
923 1833 970 1877 me
986 1819 1056 1894 sunt
1071 1821 1239 1877 romanaet
1256 1809 1489 1890 tarracinensis;

730 1917 800 1979 item
826 1917 1000 1995 nuperrima
1016 1935 1140 1998 euagre
1156 1905 1366 2000 tarquiniensi.
1386 1913 1490 1979 Maro·

159 2014 245 2082 chius
263 2036 296 2082 se
319 2017 431 2082 vidisse
454 2023 581 2082 testatur
603 2018 633 2081 in
656 2018 980 2103 quodanr'marmoreo
1003 2016 1180 2102 gladiatoris
1197 2025 1392 2083 monumento
1409 2015 1490 2084 haud

160 2118 253 2182 semel
277 2118 423 2204 scriptum
446 2125 688 2198 spectatum
711 2140 748 2184 eo
772 2121 884 2185 maiore
908 2119 1099 2202 ddedignus
1122 2121 1204 2206 quod
1225 2117 1268 2186 ibi
1285 2121 1397 2186 lrnstra
1411 2139 1487 2185 cou-

162 2221 258 2286 tendit
280 2221 341 2286 dici
364 2241 418 2308 pro
442 2230 595 2308 spectatus
617 2231 665 2288 est
687 2222 739 2307 [lu
761 2232 821 2289 vet.
844 2223 976 2290 Kalend.
999 2243 1088 2310 neap.
1113 2245 1183 2309 pag.
1208 2224 1300 2310 947).

163 2495 255 2556 4400.
283 2492 318 2584 l:
329 2513 360 2578 p.
384 2495 445 2557 000
468 2494 510 2579 c).
596 2494 721 2559 Romae.
745 2493 886 2560 Tessera.

227 2669 537 2738 atomis-tremo
668 2668 728 2731 Dat
751 2669 905 2738 Guascns‚
930 2665 1008 2732 llius.
1033 2666 1129 2752 Capit.
1153 2665 1195 2741 ΙΙ,
1219 2669 1275 2742 07,
1305 2687 1342 2732 ex
1366 2667 1491 2731 Sancle-

267 2773 495 2842 stecrnvtr
626 2771 747 2835 mentio.
770 2771 836 2835 Non
861 2789 950 2856 posse
974 2767 1107 2834 dubitari
1130 2767 1173 2834 ait
1196 2768 1392 2848 llitschelius,
1416 2771 1490 2854 quin

225 2878 266 2942 Α·
280 2878 371 2944 004-
386 2878 422 2942 Κ·
440 2878 535 2944 ΡΕΒΚ
622 2873 662 2937 sit
683 2873 803 2938 noticia
824 2873 938 2948 lraude,
963 2881 992 2936 et
1014 2873 1052 2936 iis
1077 2873 1200 2958 quidem
1216 2872 1402 2957 temporibus
1417 2891 1492 2938 cou-

284 2989 358 3042 44444
376 3007 478 3043 vacuus
626 2974 707 3050 licta,
730 2975 842 3059 quihus
865 2976 1008 3040 usitatam
1033 2981 1076 3048 80
1100 2982 1202 3040 notam
1217 2972 1350 3060 imperiti
1367 2975 1489 3061 quidam

627 3075 785 3162 antiquarii
797 3076 826 3140 in
838 3085 970 3142 mentem
983 3075 1168 3143 induxerunt
1190 3097 1248 3143 non
1263 3083 1491 3151 ΒΡΕΕΤΑΤνς

160 3179 395 3263 interpretaturi,
411 3179 466 3243 sed
488 3185 720 3256 3οΕΕΤΑ444Τ,
736 3180 811 3244 satis
827 3181 938 3265 inepte.
962 3177 1046 3244 Haeo
1064 3181 1114 3244 ille
1132 3177 1258 3266 (Suppl.
1272 3179 1323 3258 IV,
1339 3201 1370 3265 p.
1388 3179 1489 3265 vttlt:

162 3281 250 3347 modo
273 3283 323 3366 qui
346 3282 515 3368 ineptiant,
537 3282 652 3348 nescio.
675 3281 885 3364 Borghesius‚
908 3283 989 3369 quod
1020 3290 1090 3348 nota
1113 3284 1272 3348 consulum
1297 3281 1410 3348 omissa
1432 3283 1490 3363 sit,

160 3386 303 3472 scriptam
325 3391 412 3471 putat
434 3392 504 3450 ante
525 3387 667 3452 consules
691 3388 756 3451 eins
780 3385 861 3462 anni,
881 3407 941 3473 quo
957 3387 1006 3454 hic
1021 3386 1171 3470 gladiator
1186 3387 1317 3473 primum
1334 3389 1491 3473 spectavit,

160 3488 219 3553 hoc
241 3496 287 3554 est
309 3487 388 3554 ludis
411 3509 479 3554 cum
502 3487 621 3556 civibus
644 3490 798 3569 interluit,
820 3499 951 3558 creatos.

163 3765 254 3828 4400.
277 3797 318 3813 -
340 3762 476 3841 Londini,
500 3769 617 3830 tessera
639 3766 669 3828 in
693 3783 798 3829 museo
813 3762 1003 3850 ⁴britannico.

229 3941 617 4010 rememorarent
751 3935 924 4023 Descripsit
946 3934 1102 4020 ediditque
1117 3933 1301 4000 lluebnerus
1321 3941 1390 4021 post
1404 3934 1490 4001 Wie-

306 4039 398 4126 loeus
414 4055 516 4093 *³⁰³¹ss
707 4041 840 4104 seierum
862 4046 892 4103 et
913 4038 1136 4117 Bitschelium,
1159 4037 1295 4130 dubitari
1316 4057 1377 4103 nou
1399 4057 1491 4123 posse

310 4147 535 4214 stecrntnr
708 4141 858 4207 affirmans
888 4143 960 4227 quin
993 4140 1033 4207 sit
1055 4139 1282 4207 sincerissima:
1305 4138 1421 4226 idque,
1445 4147 1491 4206 te-

708 4252 804 4310 status
827 4251 873 4309 est
895 4246 985 4310 etiam
1008 4247 1059 4330 qui
1083 4263 1151 4309 mea
1182 4263 1276 4310 causa
1299 4243 1401 4309 denno
1424 4241 1492 4308 dili-

397 4353 458 4420 tts
710 4346 886 4430 gentissime
898 4348 1030 4434 inspexit
1044 4348 1238 4414 Fortnumins
1249 4347 1373 4430 Anglus.
1388 4345 1492 4412 Versio
1544 4392 1548 4399 .

709 4450 820 4532 gallica
842 4449 1063 4517 dissertationis
1093 4449 1328 4515 Huebnerianae
1357 4448 1491 4532 ligneam
1621 4505 1624 4512 .

161 4548 242 4616 hanc
257 4557 403 4618 tesseram
420 4553 502 4617 laoit:
520 4573 560 4616 un
577 4553 649 4636 long
660 4554 738 4639 petit
752 4571 896 4619 morceau
918 4553 956 4618 do
978 4554 1045 4619 bois
1069 4575 1097 4639 p.
1122 4556 1176 4617 ret
1207 4551 1329 4636 (Rerue
1352 4550 1490 4618 llrcheol.

165 4653 251 4718 Paris
275 4658 357 4721 4808
379 4675 409 4739 p.
432 4656 516 4738 tat).
