3650 5342
356 254 406 315 22l

385 377 583 463 Exscrlpsere
592 374 778 461 Pomponius
790 377 900 440 Laetus
910 372 1149 459 bccursiusque.
1162 373 1375 439 Plenissimum
1388 376 1528 441 carminis
1544 396 1667 443 sensnm

345 479 512 545 obruerunt
542 479 625 546 ducti
658 477 897 565 sophismatibus
927 479 1000 543 suis.
1031 475 1205 541 Lectioncm
1239 483 1320 549 PRO
1351 484 1480 550 VSVRA
1512 480 1667 547 damnavit

345 583 506 658 Momms,
529 585 696 663 excogitato
721 582 752 647 in
775 582 841 647 eius
864 581 963 646 locum
986 580 1080 645 verbo
1106 585 1387 657 ettotttsetnr,
1410 582 1485 646 satis
1513 583 1665 648 absurde:

345 705 413 750 nam
437 705 496 770 qno
520 686 610 750 modo
634 683 735 750 dicere
757 685 855 769 poluit
881 683 1044 748 Mummius
1074 680 1170 748 visum
1200 680 1256 747 sibi
1286 702 1354 747 esse
1383 683 1455 749 dare
1486 686 1566 769 quod
1596 695 1666 753 voto

344 790 549 874 promiserat?
570 790 661 852 immo
684 785 790 851 debuit
812 785 941 851 reddere
964 785 1046 870 quod
1067 786 1132 848 sine
1155 785 1281 859 scelere,
1300 786 1367 849 sine
1381 787 1514 871 piaculo,
1529 790 1667 854 omittere

347 911 405 955 non
429 892 537 976 potuit.
559 889 641 969 Quid
664 888 705 952 sit
727 889 836 953 bacin
859 907 902 965 re,
925 889 1036 952 donum
1061 886 1134 951 dare
1156 906 1211 972 pro
1234 906 1328 952 usura
1349 888 1495 963 decimae,
1518 890 1576 955 boo
1598 892 1666 959 loco

345 992 455 1060 dicam.
478 994 640 1057 Mummius
663 992 821 1057 donarium
844 990 927 1075 qnod
949 987 1020 1054 buic
1041 990 1109 1054 basi
1140 990 1286 1055 rotundae
1316 992 1512 1077 superposuit
1538 994 1580 1057 ait
1608 995 1666 1059 sibi

346 1094 444 1161 visum
468 1115 535 1159 esse
558 1095 631 1159 dane
656 1101 687 1159 et
706 1093 893 1179 perfecisse,
915 1100 950 1157 ut
975 1092 1051 1158 deus
1084 1092 1268 1157 concederet
1300 1092 1356 1157 sibi
1386 1093 1545 1159 decumam
1576 1116 1667 1162 verae

345 1200 472 1263 rationis
495 1197 654 1281 perficere,
677 1196 822 1261 facultate
844 1196 925 1259 lacta
947 1194 1079 1285 praedae
1095 1196 1250 1277 cogendae
1267 1202 1296 1259 et
1310 1196 1538 1261 dissolvendae:
1558 1218 1666 1287 nempe

345 1302 441 1365 visum
465 1320 533 1364 esse
556 1300 594 1364 de
616 1300 746 1364 decuma
767 1296 868 1362 adbuc
890 1297 1029 1380 cogenda
1051 1285 1165 1382 aliquid
1187 1316 1402 1382 praesumere,
1425 1318 1480 1383 pro
1503 1300 1597 1366 sacris
1620 1303 1665 1368 la·

345 1403 473 1475 cinndis.
496 1410 531 1468 ut
551 1422 626 1466 usus
649 1402 796 1467 decumae
819 1401 1039 1466 concederetur
1061 1418 1080 1463 a
1103 1400 1232 1464 numine.
1256 1398 1322 1463 lloe
1346 1420 1417 1465 vero
1440 1402 1482 1466 ait
1500 1423 1532 1465 se
1549 1403 1666 1482 iecisse,

345 1525 429 1569 mora
450 1506 587 1589 antiquo,
609 1503 727 1568 scilicet
749 1511 780 1565 nt
802 1503 859 1566 deo
883 1502 996 1565 donum
1019 1502 1104 1565 daret
1125 1503 1164 1567 de
1186 1502 1315 1566 decuma
1333 1500 1432 1567 adbuc
1447 1506 1593 1586 cogenda,
1610 1528 1667 1591 pro

344 1626 441 1674 usura
462 1606 620 1680 decumae,
642 1613 672 1669 et
694 1606 769 1668 deus
792 1623 897 1688 pacem
920 1612 1043 1685 rogatus
1059 1603 1145 1667 daret
1159 1623 1269 1685 cogere
1284 1610 1315 1668 et
1330 1604 1495 1671 dissolvere
1512 1610 1666 1691 praedam,

345 1708 566 1795 perficeretque
589 1706 647 1771 boc
669 1714 768 1792 pacto,
791 1684 838 1772 ut'
847 1706 975 1771 decuma
998 1713 1079 1770 esset
1101 1723 1192 1769 verae
1215 1706 1349 1770 rationis.
1445 1700 1448 1705 ’

387 1811 520 1893 Cogendi
538 1809 733 1882 dissolvendi,
748 1808 883 1893 Bernays
901 1808 1055 1892 persuasit
1068 1806 1246 1887 Bitscbelio,
1264 1808 1320 1871 bos
1334 1808 1483 1891 genitivos
1499 1811 1631 1894 pendere
1648 1833 1667 1878 a

343 1914 544 1986 substantivo,
558 1932 677 1997 paoem:
696 1914 784 1996 quasi
801 1908 966 1975 Mummius
985 1910 1110 1985 diecret,
1128 1930 1234 1993 rogare
1254 1930 1286 1975 se
1303 1910 1392 1975 deum
1409 1931 1514 1993 pacem
1534 1916 1666 1996 cogendi

344 2024 376 2081 et
397 2016 596 2080 dissolvendi.
619 2015 720 2093 Quum
743 2021 861 2077 veteres
885 2013 956 2077 olim
980 2032 1084 2096 pacem
1109 2013 1197 2077 derum
1214 2014 1369 2098 petebant,
1383 2034 1489 2099 pacem
1507 2017 1666 2099 rogabant,

343 2119 373 2183 tt
402 2119 590 2203 quaerebant
611 2116 750 2194 scilicet,
772 2123 806 2181 ut
827 2115 869 2179 di‘r
892 2115 1024 2198 benigne
1048 2116 1242 2199 acciperent,
1264 2116 1458 2192 adiuvarent,
1481 2120 1561 2184 mala
1583 2138 1669 2185 aver·

344 2228 455 2295 terent,
480 2240 517 2284 ne
539 2220 606 2283 irati
628 2226 751 2292 essent,
774 2204 969 2302 plicarentur
990 2216 1132 2301 precibus
1155 2216 1330 2302 hostiisque.
1360 2217 1395 2281 V.
1421 2220 1517 2285 Plaut.
1541 2221 1570 2286 in
1593 2224 1667 2287 brn-

344 2321 433 2405 pbitr.
456 2341 482 2386 a.
507 2320 551 2394 V,
575 2326 633 2393 lt,
658 2327 693 2395 o,
715 2321 745 2384 in
769 2318 894 2383 Curcul.
918 2338 946 2383 a.
968 2318 1014 2393 ll,
1041 2324 1094 2397 tt,
1118 2324 1168 2382 90.

388 2423 501 2489 Facilia
523 2424 582 2487 dici
608 2443 663 2507 pro
686 2420 826 2497 laelliam,
850 2420 921 2485 mibi
945 2430 1059 2485 certum
1083 2432 1138 2497 est,
1162 2422 1219 2487 boc
1242 2442 1315 2486 vero
1338 2424 1517 2489 vocabulum
1540 2446 1577 2491 ea
1595 2444 1669 2491 ann-

343 2525 426 2608 logia
447 2545 464 2589 a
488 2526 584 2598 tacite,
610 2532 641 2590 ut
664 2524 846 2599 facultatem,
870 2523 1008 2589 derivare
1031 2523 1126 2610 potuit
1149 2522 1324 2609 antiquitas,
1339 2546 1401 2610 qua
1416 2546 1452 2591 er
1468 2527 1579 2613 volupe
1598 2529 1669 2595 lecit

344 2629 495 2714 volupiam
517 2635 548 2692 el
569 2628 763 2714 voluptatem,
786 2646 946 2712 exaequo
968 2629 1132 2713 nequitiam
1156 2633 1185 2693 el
1207 2630 1402 2712 aequitatem,
1424 2648 1460 2694 ex
1484 2629 1596 2697 lanuto
1618 2632 1666 2697 la-

343 2730 456 2797 miliam
480 2740 511 2798 et
532 2731 739 2796 lamulitatem.
1309 2729 1313 2735 ’

344 2921 415 2981 893.
441 2917 579 3000 (=5t3l.
603 2950 641 2960 -
661 2914 812 2980 Trebulae
833 2913 1013 2979 Mutuescae
1036 2913 1157 2979 duobus
1180 2914 1333 2999 exemplis.

817 3055 1069 3123 uttdtltlttd
1115 3055 1193 3122 <OS

956 3158 1049 3224 vaco

386 3292 417 3354 t.
441 3289 603 3355 Mummius
626 3308 685 3353 non
708 3290 825 3353 ltaliam
848 3290 937 3353 modo
967 3289 1020 3353 scd
1050 3286 1140 3352 ctiam
1169 3288 1343 3372 provincias
1371 3291 1529 3355 exornavit
1559 3292 1667 3356 statuis

343 3391 490 3457 Corintho
513 3391 623 3457 ablatis
646 3392 763 3476 (Front.
788 3391 918 3472 Stratag.
943 3391 993 3465 lV,
1017 3396 1052 3467 3,
1079 3396 1135 3467 '¹53
1160 3389 1261 3455 Victor
1283 3391 1321 3455 de
1346 3389 1405 3454 Vir.
1428 3393 1469 3457 ill.
1494 3391 1667 3477 boltiaco

343 3514 423 3580 quae
447 3494 584 3559 trebulae
607 3495 785 3558 Mutuescae
800 3492 830 3556 in
847 3492 981 3569 Sabinis,
998 3494 1050 3558 ubi
1066 3514 1146 3557 nunc
1165 3492 1365 3568 Monlcleone,
1384 3493 1503 3558 dnobus
1519 3495 1666 3580 exemplis

342 3604 462 3682 reperta
484 3605 538 3667 est.
561 3597 695 3661 ostendit
716 3598 781 3660 vico
804 3594 847 3659 illi
867 3594 1043 3661 Mummium
1061 3603 1130 3661 tunc
1146 3616 1183 3661 ex
1200 3596 1314 3680 praeda
1332 3595 1517 3660 corinlbiaca
1532 3596 1664 3663 dedisse.

341 3700 477 3766 Trebula
505 3707 577 3764 tnnc
603 3699 660 3764 fuit
687 3698 774 3763 vicus
796 3700 844 3762 rel
866 3699 891 3762 si
915 3697 1012 3783 magis
1034 3697 1081 3762 vis
1103 3696 1163 3762 vici
1186 3718 1294 3761 nomen
1318 3718 1376 3761 non
1400 3704 1550 3774 mutarat,
1574 3719 1664 3783 quem

340 3804 379 3869 ad
403 3802 525 3866 modum
548 3803 620 3867 urbs
643 3801 751 3866 ltalioa
772 3798 965 3883 sexagesimo
988 3820 1065 3865 anno
1085 3807 1241 3885 postquam
1261 3800 1382 3864 condita
1399 3808 1446 3865 est
1463 3799 1562 3865 adbuc
1579 3802 1666 3865 vicus

341 3903 521 3989 appellatur.

342 4093 414 4153 eet.
439 4088 579 4171 (:5lll.
602 4134 640 4142 -
660 4087 694 4150 ln
717 4106 790 4171 agro
814 4086 949 4152 nursino.

863 4229 904 4291 l.·
920 4227 1147 4293 muletatus

880 4328 977 4395 (OS·
996 4329 1070 4396 ὓΕὓ
1094 4333 1128 4394 Ν

383 4460 469 4543 sigla
491 4460 544 4526 illa
563 4450 585 4523 'vv
605 4459 679 4545 quid
701 4460 853 4543 significet
873 4468 976 4525 monet
998 4461 1082 4525 locus
1105 4457 1135 4522 in
1159 4478 1217 4543 quo
1234 4460 1375 4525 inventus
1391 4466 1438 4524 est
1453 4458 1567 4526 titulus.
1582 4458 1663 4543 Lege

341 4562 457 4647 itaque:
481 4563 565 4629 dedit
586 4563 727 4629 nursinis.
