3650 5342
1418 268 1462 338 tir

162 403 257 483 lilius,
281 406 315 471 G.
339 406 472 472 Salvena
495 401 592 470 lloltai
615 404 710 483 filius,
734 425 861 491 quorum
884 406 1012 470 alterurn
1035 424 1119 470 more
1141 403 1332 480 Latinorum,
1355 404 1481 469 alterum

164 515 282 574 etrusca
304 507 401 573 iorma
423 507 603 574 declinatur.
636 506 727 573 Volta
749 527 934 594 praenomen
958 506 1055 592 patris
1078 506 1111 572 C.
1135 505 1284 572 Salvenae
1307 526 1362 592 pro
1383 505 1484 572 Voltio

163 616 222 684 est,
245 611 327 696 qnod
351 610 476 695 saepius
500 613 633 676 occurrit
654 611 685 674 in
706 609 802 676 titulis
825 610 948 676 laliseis.

165 819 233 876 559.
267 850 307 862 —-
343 815 467 879 Lamina
498 834 595 881 aenea
624 815 752 879 Faleriis
777 817 805 878 in
829 815 996 899 municipio
1023 821 1165 897 reperta,
1190 814 1324 877 nuncin
1348 831 1484 876 museum

309 915 544 989 llircherianum
569 937 624 1002 per
646 937 692 982 me
717 917 808 982 illata.

549 1177 702 1251 ttms
804 1177 1078 1252 nulnum

502 1278 1185 1354 30·00†3li'l·†·5ll·ssl13†0)·ssx

408 1383 597 1449 muioott
634 1383 920 1459 ·ttntttt3ttt3s
942 1405 950 1420 ·
969 1382 1168 1456 Olldssllss

457 1483 601 1552 03th
622 1485 755 1559 ursse
777 1484 971 1560 ·0llldssll)
1009 1484 1165 1552 ·†3t13tt

919 1586 1168 1660 mtttssitttt)

206 1835 333 1900 duabus
352 1833 486 1900 dimidiis
504 1833 641 1920 partibus
661 1843 781 1901 constat
797 1837 873 1901 haec
892 1838 1019 1911 lamina,
1038 1857 1166 1922 quarum
1183 1837 1280 1922 prima
1294 1836 1398 1900 decem
1412 1815 1484 1899 totis

165 1938 254 2002 annis
276 1943 346 2002 ante
369 1936 496 2002 alteram
520 1946 639 2022 reperta
662 1945 723 2012 est,
748 1945 839 2024 atque
863 1957 943 2004 anno
963 1943 976 2002 t
984 1943 1045 2002 860
1064 1938 1148 2002 edita
1166 1959 1184 2004 a
1201 1957 1250 2002 me
1268 1945 1315 2003 est
1332 1939 1361 2002 in
1376 1935 1484 2002 Annei.
1560 1968 1563 1973 >

165 2040 259 2106 instit.
282 2042 402 2106 boruss.
425 2061 600 2126 quanquam
624 2060 678 2106 sex
701 2043 764 2105 lere
786 2037 942 2106 mensibus
964 2048 1054 2106 antea
1077 2041 1177 2105 lurtim
1200 2040 1240 2104 ab
1262 2039 1407 2105 Heneeno
1437 2041 1485 2107 coi

165 2142 313 2206 edendam
336 2141 566 2218 commiseram,
591 2141 650 2208 lide
672 2143 811 2228 prodita,
835 2143 874 2208 ad
896 2141 1126 2209 Mommsenium
1150 2142 1327 2219 misceant,
1350 2141 1483 2228 quipu-
1573 2196 1576 2202 .

165 2244 294 2310 blicarit.
317 2245 470 2328 integram
492 2244 697 2331 epigraphen,
719 2252 805 2330 parte
828 2264 937 2331 nempe
960 2247 1055 2311 altera
1072 2246 1198 2311 dimidia
1211 2245 1343 2318 inventa,
1359 2244 1439 2309 edidi
1454 2245 1485 2308 in

164 2347 378 2412 dissertatione
400 2367 491 2434 quam
513 2349 543 2411 in
566 2347 716 2430 anglicam
739 2349 873 2432 linguam
896 2368 1014 2414 versam
1037 2347 1135 2414 habes
1150 2350 1178 2413 in
1194 2349 1276 2413 lctis
1291 2347 1374 2412 Socii
1390 2345 1485 2432 antiq.

166 2448 351 2515 londinens.
368 2450 479 2517 lterum
495 2469 567 2515 uero
583 2451 620 2514 de
636 2471 674 2516 ea
689 2453 818 2516 disserui
834 2450 866 2516 in
881 2452 1047 2518 Academia
1062 2449 1221 2516 Pontificia
1239 2451 1337 2535 (Dies.
1351 2451 1398 2516 sui
1413 2450 1487 2516 Can.

166 2553 262 2636 epigr.
279 2553 309 2616 di
326 2552 397 2618 Fed.
412 2553 543 2636 llitschl)
568 2560 598 2617 et
619 2555 649 2618 in
673 2553 774 2619 tabula
798 2553 981 2620 delineatam
997 2553 1076 2621 dedi.
1096 2555 1256 2620 Fabrettus
1274 2554 1391 2637 (Primo
1407 2553 1487 2638 Sep
1535 2641 1538 2645 ¹
1612 2547 1620 2560 ’

167 2655 319 2740 piamento
338 2656 398 2722 alla
414 2675 492 2720 racc.
512 2656 591 2720 delle
610 2658 677 2721 iser,
698 2658 1000 2743 detemptus)
1024 2677 1083 2723 non
1105 2676 1144 2722 ex
1166 2675 1234 2722 mea
1254 2656 1386 2722 editione
1408 2674 1486 2740 qnae

165 2756 222 2822 sibi
243 2759 402 2825 notissima
422 2779 488 2824 esse
507 2757 627 2830 debuit,
645 2759 786 2844 protulit,
805 2761 858 2824 sed
877 2779 916 2824 en
932 2780 1010 2825 nouo
1028 2767 1146 2846 ectypo,
1162 2778 1252 2844 quem
1268 2756 1488 2848 conficiendum

166 2860 224 2924 sibi
247 2869 408 2926 consuerat
431 2880 490 2945 ope
513 2859 666 2946 praelecti
684 2859 781 2925 mus'ei
806 2859 1013 2937 Kireheriani‚
1036 2864 1102 2945 ipso
1124 2866 1330 2940 monumento,
1352 2868 1383 2924 ut
1405 2867 1488 2944 puto,

164 2965 311 3046 inspecto.
331 2965 369 3028 tt
390 2963 440 3028 hic
465 2983 561 3030 novus
584 2970 711 3049 ectppns
734 2963 931 3038 chartaceus,
955 2983 1045 3049 quem
1068 2961 1212 3049 praebuit
1228 2961 1403 3040 Fabrettus,
1419 2980 1488 3047 gra·

166 3066 287 3132 sissimo
311 3067 404 3131 errori
429 3086 552 3132 causam
576 3067 678 3145 dedit;
695 3067 847 3131 'omissum
871 3067 951 3131 enim
973 3073 1020 3130 est
1040 3066 1246 3152 praenominis
1269 3064 1403 3131 Gotcnae
1426 3066 1489 3130 ele-

145 3176 312 3242 ·mentum,
336 3167 424 3235 cuius
445 3167 573 3234 inlerior
595 3186 667 3255 pars
685 3175 768 3233 extat
783 3167 816 3234 in
834 3168 948 3234 lamina
965 3164 1215 3234 luculentissima.
1234 3168 1341 3254 ltaque
1359 3187 1415 3256 pro
1433 3171 1484 3248 fid

164 3272 258 3336 edidit
280 3276 325 3350 fl,
349 3278 379 3335 et
400 3273 612 3356 interpretatus
636 3278 682 3336 est
704 3271 808 3336 Aulus.
1462 3263 1465 3273 ’

205 3373 237 3437 1η
263 3373 447 3439 Faliscorum
471 3374 645 3440 litteratura
662 3376 739 3440 haec
758 3394 826 3441 esse
843 3376 976 3441 notanda
996 3375 1067 3440 olim
1086 3374 1156 3440 dixi.
1179 3373 1301 3440 Litteris
1317 3373 1348 3438 lri
1365 3380 1492 3439 utuntur

166 3475 272 3560 partim
296 3477 360 3542 suis
385 3478 493 3562 partim
516 3478 618 3544 latinis
642 3485 671 3543 et
695 3479 835 3544 etruscis.
867 3477 1153 3557 Faliscorumsunt
1173 3483 1201 3557 ss
1215 3529 1222 3555 ,
1243 3499 1278 3555 o,
1302 3497 1391 3563 quam
1414 3496 1488 3541 con-

163 3586 279 3643 stanter
308 3579 501 3662 distingnunt
522 3601 541 3644 a
562 3581 661 3646 littera
684 3587 727 3656 lt,
751 3602 782 3658 r,
812 3579 898 3646 cuins
930 3580 1012 3645 linea
1041 3591 1133 3645 curra
1158 3579 1290 3646 mediam
1312 3578 1487 3645 verticalem

166 3703 222 3746 non
248 3679 350 3764 tangit.
375 3682 449 3748 Cum
473 3703 545 3748 vero
567 3683 747 3765 retrograda
769 3684 921 3769 scriptura
943 3683 982 3748 ad
1006 3683 1204 3748 Etruscorum
1223 3702 1336 3748 morem
1356 3690 1487 3757 utantur,

165 3792 263 3850 tamen
285 3787 417 3850 litteram
437 3793 455 3858 S
478 3791 655 3851 constanter
668 3792 799 3852 seruant
815 3787 854 3852 ad
870 3786 1006 3852 dextram
1025 3806 1154 3852 versam.
1177 3787 1321 3853 Litteram
1338 3796 1368 3862 p
1383 3785 1451 3850 loco
1468 3792 1488 3856 F

164 3886 337 3952 Latinorum
360 3887 417 3954 soli
440 3887 597 3954 adhibent.
619 3888 665 3952 Ab
679 3887 816 3954 Etruscis
835 3895 959 3954 sumunt
977 3895 1029 3966 tlt,
1043 3909 1086 3964 nr,
1104 3908 1159 3976 pro
1177 3895 1206 3962 Μ
1226 3889 1410 3964 latinorum,
1426 3907 1488 3973 quo

165 3998 281 4064 carent,
305 3996 345 4066 1,
370 4013 396 4064 r,
421 4011 475 4076 pro
498 3998 531 4070 S,
556 3990 627 4056 licet
649 4010 728 4067 raro,
752 3999 795 4068 et,
812 4000 846 4058 ut
862 3992 992 4069 ridetur,
1007 3993 1075 4056 sine
1090 3993 1172 4058 iusta
1187 4010 1289 4068 causa,
1304 3995 1488 4055 mutuantur.

164 4092 301 4158 Formam
330 4094 448 4159 litterae
466 4101 524 4171 d,
549 4105 574 4166 t,
606 4095 800 4161 Etruscorum
824 4115 908 4160 more
932 4093 1100 4180 effingunt:
1129 4095 1168 4159 ah
1183 4093 1238 4159 xhis
1260 4093 1489 4177 etiam-duplex

164 4204 308 4280 punctum
329 4196 485 4264 imitantur
503 4199 678 4284 aliquando,
696 4200 777 4282 quod
793 4199 917 4264 maioris
932 4197 1122 4284 antiquitatis
1137 4201 1256 4282 signum
1272 4217 1347 4262 care
1365 4216 1403 4261 ne
1421 4215 1489 4275 oum

165 4299 346 4376 Deilelseno‚
365 4321 455 4384 quem
476 4299 604 4366 refutavi
624 4301 654 4365 in
672 4303 750 4366 liiss.
767 4300 850 4366 arch.
866 4301 894 4376 l,
910 4305 961 4379 tt,
977 4303 1029 4377 ll,
1045 4307 1149 4386 putes:
1169 4301 1259 4365 iidem
1277 4298 1451 4366 italicorum
1471 4307 1488 4370 ll

164 4421 217 4486 pro
238 4410 258 4476 Ε
278 4412 427 4488 usurpant
444 4406 627 4490 promiscue.
647 4402 874 4489 Orthograpltia
889 4402 981 4470 huius
996 4402 1077 4469 tituli
1093 4403 1131 4468 ad
1147 4423 1228 4481 eam,
1246 4423 1307 4489 qua
1322 4410 1406 4468 sexto
1421 4421 1488 4467 sae·

164 4508 230 4572 culo
248 4505 347 4572 Latini
369 4508 415 4572 usi
435 4515 520 4584 sunt,
540 4504 685 4592 pertinet:
705 4506 793 4573 cuius
813 4508 842 4571 in
864 4526 991 4572 censum
1006 4509 1091 4573 uenit
1105 4508 1196 4573 etiam
1212 4506 1368 4574 litterael
1389 4507 1490 4572 media

165 4610 270 4675 torma.
296 4609 420 4676 Litteris
444 4609 548 4674 latinis
564 4633 605 4694 sq,
628 4632 664 4692 p,
691 4614 706 4674 b
730 4619 853 4676 carent:
878 4630 934 4696 pro
958 4612 1069 4694 quibus
1091 4618 1153 4676 cet
1169 4631 1190 4692 p
1207 4609 1370 4676 adhibent:
1393 4613 1490 4676 Grae·
