3650 5342
398 261 432 322 44

388 391 446 458 οξ
469 383 674 468 diphthongus
697 385 797 449 medio
820 384 943 450 saeculo
965 384 1093 469 septimo
1116 382 1222 469 incipit
1242 383 1342 448 locum
1365 391 1467 447 tenere
1491 387 1558 462 0¹3
1581 378 1709 444 fluctuat

429 495 528 552 tamen
552 488 639 552 annis
662 488 767 570 viginti
791 487 853 550 iere
876 487 1084 573 promiscuus,
1107 505 1168 570 qua
1190 492 1289 550 aetate
1310 506 1408 548 manno
1431 503 1486 569 pro
1507 483 1617 546 moires
1634 500 1709 546 oon-

402 578 559 668 'sianier‚
583 592 668 654 loona
690 611 743 675 pro
767 592 860 654 loidoa
881 598 935 656 aui
956 591 1053 652 loodno
1074 591 1227 654 rarissime
1250 587 1403 654 scribitur.

388 700 448 766 Oi!
477 693 680 778 diphthongus
710 713 764 778 pro
789 701 832 765 01
865 692 994 779 primum
1018 694 1187 780 exemplum
1210 692 1301 757 hahei
1322 691 1353 756 in
1376 693 1508 756 carmine
1530 688 1710 774 Protogenis

429 799 553 862 saeculo
577 797 639 862 iere
661 797 799 882 septimo.

388 906 420 972 0
444 920 479 966 ex
503 906 564 972 Oi!
586 907 684 964 orium
706 900 829 965 saeculo
852 901 972 985 quinio,
995 901 1065 966 inde
1087 901 1223 966 manavit
1243 901 1273 964 in
1296 906 1423 965 senium.

389 1002 543 1069 Vocaiium
568 1009 609 1077 Α,
636 1009 670 1077 Ε,
694 1009 741 1080 0.
766 1010 790 1074 V
814 1002 980 1088 duplicatio
1003 1004 1127 1068 inducia
1149 1004 1270 1070 saeculo
1286 1010 1370 1068 senio
1385 1003 1513 1067 excitata
1528 1007 1558 1066 et
1573 998 1710 1064 adhibita

430 1107 553 1171 saeculo
576 1104 721 1191 septimo,
745 1107 876 1172 Suasore
899 1105 1007 1180 hceio,
1031 1108 1212 1202 duravitque
1235 1108 1273 1171 ad
1296 1106 1410 1171 Sullam
1434 1124 1532 1190 usque
1553 1111 1585 1168 ei
1605 1103 1693 1166 uhta.

389 1208 507 1293 Duplex
531 1217 549 1280 ΙΙ
574 1209 611 1272 ab
635 1229 706 1274 osca
728 1210 948 1274 consuetudine
970 1217 1036 1274 orta
1058 1211 1179 1276 saeculo
1202 1217 1304 1288 senio,
1326 1211 1468 1296 usurpari
1489 1207 1591 1292 eoepit
1611 1211 1710 1271 achaic

431 1313 492 1377 iere
523 1311 715 1378 ciceroniana
743 1326 776 1378 ea
804 1315 998 1390 caesariana,
1023 1334 1079 1379 nac
1102 1314 1158 1377 nisi
1182 1315 1260 1378 inter
1281 1313 1358 1378 duas
1380 1311 1523 1390 vocales,
1547 1317 1576 1375 ei
1598 1328 1711 1374 conso-

431 1424 549 1480 nantem
573 1435 609 1481 ac
632 1418 775 1480 vocalem.

391 1508 397 1589 Ι
423 1520 635 1603 prosodiacum
659 1526 775 1585 ceteras
797 1520 1026 1606 supereminens
1049 1519 1164 1584 litteras
1189 1518 1275 1584 initio
1294 1520 1408 1584 saeculi
1425 1516 1545 1602 septimi
1561 1524 1626 1582 oria
1641 1536 1712 1581 ooc-

429 1620 474 1707 pia
494 1623 657 1707 propagari
679 1629 779 1687 aetate
800 1622 929 1687 sullana.

392 1712 398 1794 Ι
424 1724 627 1810 euphonioum
653 1725 823 1790 Latinorum
843 1734 890 1791 esi
907 1727 1063 1813 proprium
1080 1728 1201 1813 ponitur
1219 1729 1308 1791 eiiam
1325 1747 1379 1812 pro
1402 1725 1415 1787 i
1438 1726 1521 1792 hreni
1540 1721 1712 1808 pinguioris

430 1825 498 1891 soni
513 1829 701 1914 exprimendi
717 1829 829 1913 gratia:
846 1830 917 1894 item
935 1819 954 1900 ΙΙ
974 1830 1021 1894 vel
1039 1836 1087 1901 ΙΕΙ
1106 1830 1211 1895 eadem
1224 1837 1322 1896 achate
1337 1851 1391 1916 pro
1403 1834 1418 1891 i
1432 1831 1522 1914 ionga
1535 1834 1711 1913 usurpatur.

392 1929 553 1996 vocalibus
575 1930 675 2013 longis
697 1939 839 2030 poncium
864 1931 975 2017 imponi
998 1941 1137 2018 coeptum
1164 1934 1290 1998 ioriasse
1312 1933 1532 2019 postmodium
1555 1931 1712 1997 saeculum

431 2021 565 2099 sexium':
589 2035 686 2100 serius
709 2041 778 2119 posi
799 2033 913 2100 Saliam
937 2034 1079 2120 circaque
1102 2056 1129 2100 a.
1154 2057 1182 2100 u.
1204 2042 1264 2101 680
1287 2045 1430 2123 punctum
1454 2035 1501 2102 vel
1523 2034 1662 2100 sicilicus
1681 2035 1712 2097 in

431 2136 588 2204 vocalibus
612 2144 655 2215 Α,
682 2143 717 2211 Ε,
742 2144 792 2214 0,
816 2145 839 2208 i!
863 2158 917 2223 pro
941 2140 1141 2221 geminatione
1164 2149 1335 2226 usurpatur.
