3650 5342
369 301 406 364 ω.

398 424 455 489 lert
477 443 515 490 en
539 443 642 490 museo
665 423 916 501 vindobonensi,
944 423 997 490 ubi
1020 430 1101 488 certe
1124 442 1182 488 non
1206 429 1300 488 extat.
1335 422 1447 489 Contra
1478 427 1676 496 sslObVll,

399 548 489 613 quem
512 547 549 592 en
571 547 630 593 uno
654 526 712 593 sibi
735 527 872 614 exemplo
895 526 1072 592 monacensi
1094 526 1247 612 cognitum
1270 528 1321 602 ait,
1345 526 1451 591 Enarr.
1474 527 1534 592 tab.
1558 528 1679 611 pllio,

396 629 427 695 in
451 630 678 697 vindobonensi
700 651 756 714 ego
780 633 879 717 reperi
903 630 1022 696 duobos
1045 629 1193 714 exemplis
1217 638 1247 695 et
1267 641 1376 695 stanno
1400 628 1545 715 expressi.
1579 629 1613 693 ln
1641 625 1679 691 iis

269 745 274 758 ·
395 732 553 800 imminuta
567 736 651 801 initio
667 736 818 820 scriptura
833 742 890 811 est,
905 741 938 799 at
952 735 1033 798 clare
1048 731 1161 816 legitur
1180 740 1316 810 oevtn,
1339 739 1492 807 [tostini.
1518 735 1552 796 ln
1569 750 1678 795 inona-

399 835 486 901 censi
508 855 581 903 vero
604 858 661 921 ego
684 839 742 921 legi
770 841 951 909 l'lbllssvld·

441 940 471 1022 9)
496 944 687 1013 §uesano
712 941 742 1004 in
765 941 892 1026 postica.

525 1042 625 1128 Caput
646 1043 722 1110 deae
745 1044 910 1128 galeatum.

524 1146 632 1212 Gallus
654 1155 755 1222 stans,
780 1149 810 1212 io
834 1165 905 1212 area
928 1154 1054 1213 astrum.

484 1248 682 1316 vindobonae
701 1252 732 1316 in
750 1271 856 1316 museo
873 1251 933 1314 vidi
954 1269 1108 1316 nummum
1123 1251 1321 1317 carelliauum
1338 1269 1479 1316 recusum
1495 1249 1526 1314 in
1542 1267 1602 1335 quo
1618 1265 1682 1310 ma·

401 1359 472 1416 nent
484 1355 556 1418 astri
570 1356 706 1440 vestigia,
717 1362 747 1420 et
759 1355 928 1439 scripturae
943 1359 987 1425 Su
999 1355 1073 1426 [sn
1086 1353 1200 1440 quibus
1213 1356 1424 1441 superpositus
1437 1362 1484 1419 est
1497 1361 1588 1438 typos
1599 1370 1682 1415 carn-

398 1475 496 1539 panus
508 1457 779 1543 Neapolitanorum
792 1457 1014 1522 loederatorum
1028 1478 1095 1523 oum
1109 1458 1242 1536 Calenis,
1255 1457 1343 1524 cuius
1354 1457 1430 1523 baec
1443 1464 1490 1522 est
1503 1456 1681 1542 descriptio:

484 1559 582 1645 Caput
605 1561 753 1646 Apollinis
778 1567 1077 1633 ΝΕοΠΟΛΙΤΩΝ.

485 1662 545 1728 llos
568 1663 700 1728 bumana
724 1665 800 1728 lucie
823 1683 841 1727 a
864 1663 993 1728 victoria
1015 1664 1230 1749 supervolante
1253 1672 1435 1739 coronatus,
1458 1663 1539 1728 inlra
1567 1667 1622 1735 Ιξε
1651 1662 1680 1723 in

400 1785 511 1850 erergo
535 1765 681 1832 indicium
704 1776 750 1831 est
773 1769 858 1831 vocis
881 1766 1015 1846 Caleno;
1039 1770 1175 1832 cernitur
1197 1770 1275 1833 enim
1300 1769 1405 1834 umbra
1428 1768 1546 1832 litterae
1569 1770 1590 1835 (
1612 1771 1683 1848 post

400 1887 490 1954 quam
512 1877 640 1956 apparet
661 1872 732 1934 astri
755 1869 918 1954 vestigium
942 1871 1023 1955 quod
1046 1871 1116 1936 dixi.

359 1976 408 2037 60.
431 1973 542 2057 (dt.)
565 1978 708 2045 ΤΙΑΝΟ
732 1972 761 2036 in
786 1971 913 2058 postica.

528 2075 627 2162 Caput
649 2075 725 2140 deae
749 2077 913 2159 galeatum.

415 2221 423 2236 ·
529 2179 633 2244 Gallus
655 2187 752 2244 stans:
777 2200 870 2264 supra
894 2186 1018 2245 astrum.

485 2281 631 2348 Nummus
653 2301 763 2348 aereus
786 2289 841 2348 est.

259 2415 267 2430 ·
360 2389 410 2450 ot.
434 2385 543 2470 (τιὸ.)
566 2387 599 2470 ιι)
623 2391 793 2458 <nonno
820 2386 867 2451 vet
891 2393 1066 2459 <neruo
1089 2387 1120 2449 in
1142 2386 1271 2470 postica.

526 2489 627 2574 Caput
648 2489 746 2566 deae,
774 2488 907 2571 sigillum
931 2489 1057 2554 artificis
1078 2498 1110 2553 et
1130 2508 1244 2570 graeca
1265 2490 1367 2553 littera
1389 2489 1499 2554 scriem
1524 2486 1683 2554 matricum

570 2589 719 2656 indicans.

529 2693 664 2761 victoria
686 2694 772 2780 bigas
794 2715 897 2780 agens.

485 2799 631 2864 Nummus
654 2807 817 2881 argenteus
841 2799 978 2885 pondere
1002 2819 1046 2883 gr.
1069 2801 1158 2878 730.

443 2903 472 2985 b)
496 2908 667 2975 (Almo
697 2923 752 2968 seu
783 2908 951 2976 (ΑΙνΕΝΟ
980 2904 1009 2967 in
1040 2905 1179 2988 postica,
1209 2922 1425 2988 nonnunquam
1455 2903 1484 2965 in
1514 2899 1615 2965 antica
1636 2902 1686 2966 vel

402 3008 550 3091 utrinque.

527 3108 626 3193 Caput
648 3108 799 3196 Apollinis
822 3109 1009 3199 laureatum

442 3231 462 3286 ἢ
527 3210 647 3278 Taurus
670 3212 803 3277 bumana
825 3215 929 3297 specie
952 3233 971 3276 a
993 3213 1126 3277 victoria
1147 3213 1362 3296 supervolante
1385 3220 1556 3277 coronatus.

442 3315 472 3398 o)
496 3319 662 3385 (Atilio
679 3312 709 3376 in
721 3313 838 3398 postica
857 3319 1128 3385 deonorum
1144 3321 1174 3378 et
1187 3312 1290 3405 littera
1309 3319 1410 3383 veum
1426 3315 1507 3398 typis
1521 3313 1688 3397 campanis.

485 3415 631 3480 Nummus
652 3413 684 3478 in
708 3415 851 3480 thesauro
881 3416 1094 3481 Frosolonensi
1122 3415 1286 3495 inventus3
1316 3414 1500 3498 immigrarit
1522 3416 1594 3480 inde
1617 3434 1689 3479 mea

401 3539 494 3604 opera
516 3521 545 3582 in
569 3511 705 3598 muse'um
731 3517 915 3584 varisiense.

445 3622 479 3704 d)
503 3626 667 3694 (Alfi...
693 3620 723 3684 in
746 3619 876 3707 postica,
902 3628 1196 3694 ΝΕΟΠΟΛΙΤΩΝ
1224 3621 1254 3686 in
1279 3621 1382 3688 antica
1403 3643 1470 3687 cum
1493 3623 1574 3709 typis
1596 3643 1689 3688 cam-

401 3723 499 3808 panis.
524 3723 626 3788 Edidit
647 3723 799 3790 Corellius
823 3725 992 3810 (Descript.
1017 3747 1044 3790 n.
1070 3727 1157 3807 titi).
1182 3725 1249 3790 Vidi
1274 3725 1486 3801 vindobonae,
1510 3729 1539 3789 in
1561 3746 1687 3801 museo,

401 3835 431 3891 et
448 3835 556 3892 stanno
574 3827 720 3912 expressi.
740 3827 835 3893 ilecto
855 3827 1020 3893 brellinius
1040 3827 1158 3892 monuit
1172 3828 1308 3911 (Numan.
1323 3837 1382 3892 ret.
1398 3850 1426 3892 n.
1442 3833 1515 3901 506,
1527 3827 1688 3912 supplem.

401 3949 469 4015 pag.
494 3933 546 4014 to)
572 3951 630 3995 non
654 3951 721 3996 esse
745 3951 899 4008 recusum,
925 3932 1007 4016 quod
1031 3931 1107 3996 lalso
1129 3932 1246 4016 putavit
1263 3931 1424 3996 Corellius.
1449 3934 1482 3997 ln
1498 3930 1624 3996 Cerellii
1640 3939 1689 3996 ta-

399 4032 479 4099 bulis
502 4034 681 4099 enarrandis
704 4033 918 4111 caveamus,
943 4041 976 4099 ut
998 4041 1068 4099 anto
1092 4033 1273 4112 duellinius,
1300 4036 1528 4120 [quadratum
1552 4034 1687 4100 exbibet.

402 4143 559 4210 (AlENo
589 4138 692 4202 datum
722 4137 800 4203 male
830 4158 848 4202 a
877 4136 1076 4202 Mommsenio
1100 4138 1130 4201 in
1152 4135 1357 4222 descriptione
1379 4136 1470 4203 buius
1493 4140 1607 4203 nummi
1631 4158 1688 4223 pro

402 4244 563 4312 (Alfi...
588 4240 785 4305 illinervinius
809 4241 890 4304 aliud
915 4240 1084 4325 exemplum
1108 4249 1212 4305 entare
1235 4241 1355 4326 putavit
1373 4243 1403 4305 in
1424 4261 1528 4306 rriuseo
1551 4244 1690 4327 neapoli-

402 4351 488 4408 tano:
511 4322 620 4407 citavit'
638 4351 734 4409 tamen
759 4343 957 4408 carellianum
983 4344 1069 4427 (Oss.
1093 4345 1231 4409 notoriam.
1255 4365 1284 4427 p.
1302 4349 1353 4419 et,
1373 4351 1435 4408 not.
1452 4347 1497 4428 tl.
1524 4345 1602 4408 Alibi
1626 4365 1688 4410 non

401 4447 554 4511 invenitur
576 4445 633 4510 nisi
658 4445 857 4512 vindobonae
881 4455 912 4512 et
933 4446 962 4512 in
986 4466 1092 4512 museo
1118 4447 1284 4512 varisiensi
1308 4450 1337 4511 in
1358 4468 1418 4533 qno
1437 4449 1578 4533 exemplo
1597 4450 1690 4514 unice

403 4547 520 4632 integra
542 4557 588 4614 est
611 4548 765 4636 inscriptio
789 4556 959 4622 (Alfiltlo
984 4571 1063 4635 qliae
1087 4550 1116 4614 in
1139 4549 1370 4616 vindobonense
1392 4550 1557 4616 corelliano
1582 4549 1688 4616 immi-

401 4658 487 4730 nuta,
511 4671 600 4719 erosa
621 4653 734 4718 metalli
757 4653 930 4740 superlicie.
