3650 5342
204 617 210 626 ·
260 595 405 661 ΑΜΑΤΑ
576 587 1470 669 Edidttocott.enuntiationenomenengrano:
1571 561 1603 584 ”“
1670 529 1714 604 f·

534 711 602 756 cum
625 691 785 757 Minervae
802 693 904 756 dorica
926 690 1076 770 dialecto,
1100 698 1129 756 et
1152 691 1250 775 potuit
1272 690 1343 756 buic
1363 690 1470 775 strigili

155 795 275 859 inscribi
298 805 331 861 ιιι
354 797 382 858 in
406 795 465 860 alio
488 794 598 877 strigili
623 801 811 868 ξΩΤΕιΡΑ.

156 1003 225 1062 stu.
248 1030 288 1040 -
309 995 443 1081 Strigilis
466 975 629 1062 Praeneste
653 997 777 1062 ellossa:
801 1019 881 1064 nuno
904 999 935 1062 in
959 997 1143 1063 bibliotheca
1163 998 1389 1064 Barberiniana.

259 1209 421 1275 ntttnttt
589 1201 679 1268 Edidi
702 1158 759 1268 loc.
783 1203 833 1266 cit.
856 1210 915 1267 tav.
934 1203 995 1285 XI,
1017 1208 1066 1267 tl.
1090 1203 1253 1288 Perperam
1276 1203 1469 1268 Detlelsenus

546 1307 589 1370 sio
611 1303 774 1391 descripsit
796 1311 1018 1378 ntmtitrltx.
1043 1303 1153 1372 litania
1175 1305 1282 1370 eodem
1306 1313 1394 1389 pacto
1420 1305 1467 1370 di·
1515 1316 1519 1324 '

153 1406 232 1470 citur
249 1428 286 1472 ao
303 1410 400 1472 Alana
418 1406 480 1471 iota
498 1406 547 1473 r'el
567 1407 679 1472 omisso
699 1407 746 1472 rel
762 1409 865 1472 addito
879 1407 1081 1474 extrinsecus.
1099 1407 1150 1472 Sic
1170 1407 1275 1471 'Arirn
1295 1416 1325 1474 ct
1342 1408 1468 1488 Ἀτηνὶιι,

152 1509 254 1594 Stepb.
278 1511 315 1574 de
340 1511 407 1574 Urb.
431 1531 454 1573 s.
479 1531 504 1574 r.

603 1719 687 1766 cistae
705 1717 761 1766 sire
778 1731 856 1766 erese
873 1722 1024 1767 liniacum.

195 1918 313 1994 Cistue,
334 1940 409 2005 quus
428 1921 528 1994 aiunt,
545 1939 634 1986 arcae
650 1928 719 1986 sunt
734 1923 901 1987 condendis
918 1920 1126 1987 instrumentis
1142 1916 1349 2000 balnearibus,
1366 1922 1470 2009 qualia

151 2032 222 2087 sunt
244 2022 392 2106 strigiles,
416 2024 583 2102 alabastra,
608 2026 746 2110 specula,
771 2023 991 2098 discerniculo,
1014 2026 1162 2110 pectines,
1181 2028 1338 2111 spongiae,
1353 2028 1469 2104 thecae,

152 2123 301 2210 pyxideS,
332 2126 523 2202 linteamina,
553 2147 631 2212 quae
660 2147 875 2211 nonnunquam
898 2128 929 2189 in
952 2131 1031 2192 arcis
1054 2126 1101 2192 bis
1124 2127 1325 2211 praenestinis
1347 2129 1469 2196 inventa

150 2236 231 2292 surrt.
265 2227 377 2294 Harum
401 2227 544 2294 cistarum
567 2249 696 2314 corpora
718 2249 810 2314 saepe
834 2229 939 2312 liguris
962 2237 1110 2296 ornantur
1131 2228 1258 2307 incisis,
1280 2231 1373 2314 pedes
1394 2252 1469 2298 aua-

150 2330 288 2414 glppbis,
311 2331 471 2396 manubria
493 2352 562 2397 vero
581 2341 721 2398 constant
736 2332 854 2416 sigillis.
879 2333 975 2398 lnbis
991 2335 1145 2418 quaedam>
1155 2335 1248 2427 etiam
1264 2332 1470 2403 inscribuntur

152 2452 236 2498 more
260 2435 339 2519 apud
362 2435 494 2502 Graecos
517 2445 655 2521 recepto,
679 2437 798 2502 nomina
822 2437 946 2503 heroum
969 2435 1148 2521 praesertim
1170 2437 1367 2522 deorumque.

151 2643 222 2704 atet.
246 2671 282 2680 -
303 2609 336 2704 In
359 2641 479 2706 lamella
501 2641 635 2726 operculi
662 2639 853 2706 manubrium
877 2642 1056 2706 sustinente.
1122 2655 1126 2660 ’

288 2851 317 2918 ι)
444 2854 473 2921 lt
568 2843 573 2856 '
672 2841 836 2928 Descripsi.
859 2841 996 2910 Artifices
1020 2863 1232 2928 nonnunquam
1250 2844 1358 2910 litteris
1374 2845 1468 2910 ueluti

632 2944 727 3030 signis
750 2953 890 3022 utuntur,
914 2948 1076 3012 memoriae
1100 2963 1211 3023 causa,
1235 2953 1268 3010 ut
1289 2945 1341 3031 qui
1362 2949 1467 3032 pedes,

148 3068 267 3134 quaeve
290 3047 463 3124 manubria,
487 3069 626 3133 quaeque
650 3067 754 3114 eorum
777 3056 878 3134 portes
900 3047 989 3114 simul
1010 3048 1183 3132 iungendae
1206 3056 1236 3113 et
1253 3049 1365 3133 quibus
1383 3048 1468 3116 cistis

25 3146 28 3164 '
148 3152 299 3236 aptandae
322 3155 384 3218 sint
406 3151 501 3218 lucile‘
519 3151 762 3218 reminiscantur.

150 3361 219 3424 ὅθι.
243 3399 281 3410 -
301 3357 335 3421 ln
360 3357 448 3424 trium
471 3357 583 3444 pedum
606 3355 700 3424 cistae
724 3357 812 3422 unius
834 3364 921 3442 parte
943 3359 1072 3442 postica.

256 3569 304 3641 ᾼ,
337 3569 379 3641 Α,
413 3571 420 3633 ι
590 3560 753 3646 Descripsi.
782 3559 927 3625 Eiusdem
950 3568 1075 3625 naturae
1098 3578 1134 3626 ac
1155 3561 1329 3646 superiores
1351 3560 1467 3626 litterae

552 3670 622 3728 sunt
649 3663 688 3727 ab
717 3662 833 3729 artifice
856 3661 1023 3748 supradicti
1046 3661 1148 3726 indicii
1171 3681 1265 3728 causa
1285 3660 1464 3747 insculptae.

150 3773 175 3837 lt
200 3765 328 3831 litteram
351 3787 389 3832 an
412 3786 466 3854 pro
492 3773 515 3838 lt
538 3767 657 3831 inversa
677 3752 904 3850 lormascn'pte
922 3767 961 3830 sit
978 3763 1050 3830 mibi
1070 3778 1129 3830 nou
1148 3771 1276 3830 constat.
1299 3764 1431 3853 litterae
1449 3763 1483 3827 α’

148 3871 246 3934 lorme
268 3871 389 3954 quidem
411 3870 508 3934 latina
529 3876 589 3946 est,
613 3870 665 3933 sed
689 3867 719 3932 in
742 3867 787 3931 bis
810 3868 902 3932 titulis
926 3869 1092 3953 permixtae
1113 3866 1230 3933 litterae
1254 3867 1465 3944 inveniuntur,

149 3981 183 4038 n
205 3973 235 4036 in
257 3978 434 4045 sureron
460 3955 513 4058 pro
538 3977 729 4078 aursi-en.
810 4045 818 4064 ,

149 4181 222 4242 52⁴.
245 4213 284 4224 -
308 4177 342 4241 ln
367 4177 450 4262 pedis
473 4177 568 4246 cistae
592 4175 816 4260 praenestinae,
840 4153 919 4259 qu'ae
942 4176 972 4240 in
995 4175 1195 4242 Kircberiano
1218 4182 1280 4249 est,
1304 4183 1389 4259 parte
1410 4194 1466 4260 po·

296 4281 370 4344 stica
393 4279 580 4365 inscriptum.

257 4489 513 4594 autumentur
646 4553 652 4566 ,
687 4483 827 4550 lestibus
849 4484 992 4550 adhibitis
1014 4485 1086 4550 riris
1108 4483 1210 4568 probis
1233 4490 1263 4547 et
1277 4483 1390 4550 barum
1412 4505 1464 4551 re·

642 4607 708 4653 rum
729 4586 920 4682 peritissimis
943 4588 1050 4673 pedem
1068 4608 1087 4653 a
1101 4588 1176 4652 cista
1191 4588 1395 4655 amovendum
1410 4605 1464 4654 cu·
