3650 5342
1390 330 1423 388 54

238 449 369 516 Pertinet
390 449 465 516 haec
489 450 577 516 uncie
600 452 639 516 ad
660 451 743 516 illam
767 448 847 517 aeris
871 451 973 536 gravis
996 451 1117 528 seriem,
1141 452 1228 519 euius
1250 452 1434 540 exemplaria

170 561 271 636 reperta
292 561 361 620 suot
383 575 509 620 numero
534 559 615 618 4446
639 553 669 617 io
693 552 784 639 aquis
806 554 1028 633 ciceronianis,
1050 556 1105 620 sed
1128 555 1343 642 anepigrapha.

276 659 359 722 dssis
383 654 497 724 bifrons
520 655 681 735 imberbis
705 667 828 724 etnota
855 667 861 730 l
927 703 1147 725 ...........

381 760 480 847 Caput
501 754 644 826 Mercurii
668 767 773 845 petaso
797 768 926 842 tectum,
948 770 978 827 et
1000 771 1071 826 nota
1096 771 1190 833 4....

279 861 385 928 Semis.
409 862 509 948 Caput
530 864 608 930 deae
631 864 796 948 galeatum,
820 873 851 930 et
875 872 946 930 nota
968 870 987 938 S
1008 863 1145 932 iacens..
1161 845 1187 929 ,ἶ

382 965 481 1052 Caput
503 967 667 1043 muliebre,
690 975 720 1032 et
744 976 814 1032 nota
836 973 855 1041 S
876 967 981 1034 iacens
989 1014 1189 1033 ..........

278 1067 394 1134 Triens.
416 1067 561 1156 Delphin,
585 1077 616 1134 et
637 1077 710 1136 nota
732 1071 848 1135 trientis
862 1118 1190 1138 ................

380 1171 522 1248 Fulmen,
545 1178 574 1237 et
595 1173 702 1238 eadem
724 1180 796 1238 nota
801 1222 1190 1241 ...................

278 1273 448 1352 Quadrans.
470 1275 578 1341 Manus
602 1283 707 1361 aperta
730 1281 758 1340 et
781 1276 878 1350 elata,
903 1285 932 1341 ct
954 1284 1025 1342 nota
1047 1274 1190 1341 trientis.

382 1377 449 1444 Duo
472 1397 568 1461 grana
591 1378 710 1452 hordei,
733 1386 764 1443 et
786 1377 891 1445 eadem
916 1387 986 1444 uota
990 1427 1189 1445 ..........

277 1480 416 1544 Sextans.
441 1479 581 1558 Concha,
605 1487 635 1546 et
657 1489 728 1546 nota
750 1485 897 1546 sextantis
907 1532 1191 1548 ..............

382 1583 556 1660 Caduceus,
580 1593 611 1650 et
634 1591 704 1650 nota
727 1585 833 1649 eadem
842 1631 1192 1651 .................

277 1685 380 1751 Uocia.
403 1688 597 1769 nstragalos,
620 1696 651 1752 et
672 1687 781 1753 unciae
805 1695 876 1754 nota
885 1736 1189 1755 ...............

249 1863 256 1876 1
381 1789 1192 1859 Notaeedeminareavacua................

181 1911 183 1918 ’
277 1891 445 1956 Semuncia.
468 1893 564 1958 Glans
584 1940 1190 1960 ............................

225 2059 227 2064 ,
381 1995 458 2059 Nota
482 1995 658 2061 semunciae
671 2042 1189 2063 .........................

236 2094 311 2160 Satis
340 2097 434 2178 igitur
462 2107 603 2162 constare
627 2100 779 2176 arbitror,
810 2099 888 2163 hanc
913 2097 1024 2165 seriem
1047 2100 1085 2163 ad
1108 2099 1236 2184 populos
1260 2095 1312 2183 qui
1336 2097 1434 2160 lacum

166 2193 260 2261 Sabate
282 2197 352 2263 olim
375 2201 552 2264 accolebant
568 2199 762 2285 pertinuisse,
781 2221 857 2285 quos
873 2199 982 2265 sabina
997 2202 1101 2283 lingua
1115 2200 1233 2266 Selinos
1248 2201 1385 2286 potuisse
1401 2219 1436 2263 se

167 2299 251 2363 dicere
272 2321 331 2366 non
354 2309 401 2366 est
422 2323 476 2367 cur
499 2302 690 2382 ‹lobitemos3
715 2323 783 2368 cum
807 2304 897 2368 iidem
917 2303 947 2367 in
967 2303 1094 2368 nummis
1110 2302 1190 2367 bello
1206 2301 1338 2398 marsico
1353 2301 1435 2369 cusis

1266 732 1348 778 nom.
1394 714 1433 774 to

1208 1695 1477 1885 posci.

1207 1902 1430 2089 (4344

165 2401 201 2464 sic
216 2423 246 2468 se
263 2404 432 2471 inscribunt
457 2411 637 2482 uolutant,
661 2406 717 2471 hoc
734 2414 779 2472 est
795 2407 887 2471 latina
903 2407 1076 2472 litteratura
1098 2412 1233 2479 ςΑΗΝΙ
1245 2412 1287 2478 Μ.
1311 2405 1437 2470 Videtur
1546 2403 1550 2408 ’

165 2506 241 2570 etiam
262 2508 330 2572 inde
353 2507 501 2591 originem
526 2509 652 2575 duxisse
675 2511 775 2591 gentis
799 2509 932 2575 Safiniae
955 2529 1076 2604 nomen.

136 2607 174 2670 53.
193 2613 208 2678 S
228 2610 256 2674 in
277 2610 379 2676 antica
401 2619 432 2676 et
452 2614 579 2698 postica.

277 2712 378 2799 Caput
398 2715 605 2782 diadematum
628 2713 762 2782 iuvenile
784 2714 896 2802 capillo
920 2714 1011 2781 duro.

228 2849 231 2854 Δ
278 2815 361 2882 Idem
386 2825 484 2904 typus.

236 2917 322 2984 Extat
343 2921 374 2984 in
396 2920 597 2987 Kirclreriano
620 2923 716 2986 series
738 2921 857 3006 integra
880 2920 986 2985 horum
1017 2941 1226 2997 nummorum,
1249 2922 1302 2986 sed
1326 2923 1436 3008 anepi-

166 3021 276 3104 grapha,
299 3029 461 3108 praeterea
482 3045 561 3090 unus
580 3024 628 3089 hic
645 3042 678 3088 as
694 3026 742 3089 cui
760 3025 864 3089 addita
879 3025 1016 3089 cernitur
1032 3022 1159 3089 initialis
1174 3022 1314 3097 litteras.
1338 3023 1436 3110 liuius

166 3123 243 3188 seriei
263 3133 384 3211 reperta
405 3147 478 3193 aera
500 3147 574 3193 sane
599 3147 657 3192 non
680 3147 779 3212 pauca
801 3129 831 3192 in
855 3129 946 3212 aquis
967 3125 1182 3194 vicarelliaois.

382 3231 474 3296 Asses
498 3230 697 3315 anepigraphi
722 3251 790 3296 curn
809 3230 909 3316 capite
930 3228 1091 3314 Apollinis.
1147 3235 1164 3294 4

381 3333 530 3398 Semissos
553 3353 621 3400 cum
644 3353 760 3420 pegaso
781 3381 1087 3401 ...............
1142 3338 1161 3396 i

383 3437 521 3502 Trientes
544 3457 612 3503 cum
635 3437 735 3521 capite
759 3438 829 3521 equi
847 3480 1088 3502 ............
1124 3441 1162 3500 ro

383 3536 578 3617 Quadrantes
601 3559 669 3604 oum
692 3557 767 3623 apro
781 3585 1088 3606 ...............
1124 3542 1161 3602 lt

384 3639 546 3707 sextantes
569 3661 638 3708 cum
661 3640 759 3727 capite
783 3639 917 3706 dioscuri
931 3688 1091 3707 ........
1145 3645 1163 3702 9

384 3741 498 3810 liuciae
521 3765 588 3811 cum
612 3763 707 3828 pano
730 3743 836 3809 hordei
846 3791 1089 3810 ............
1122 3746 1163 3808 73

241 3846 336 3930 igitur
357 3848 531 3913 verosimile
555 3847 627 3913 mihi
651 3855 697 3912 est
714 3847 798 3913 'bario
821 3845 931 3912 seriem
955 3847 1145 3933 adpopulos
1168 3845 1298 3911 Sabinos
1313 3865 1367 3912 seu
1383 3847 1440 3910 Sa·

168 3944 274 4014 latinos
298 3951 490 4035 pertinuisse.

133 4049 172 4111 5l.
196 4051 299 4136 (ε44.)
322 4055 357 4138 o)
383 4060 493 4126 ΑΖΟ)
516 4056 545 4118 io
570 4054 667 4120 antica
689 4059 886 4128 (ΟΖΑ4Λο
909 4052 940 4117 io
964 4053 1093 4138 postica.

280 4156 379 4242 Caput
400 4157 477 4223 deae
501 4159 663 4241 galeatum.
760 4149 770 4172 ⁸

240 4259 272 4322 ln
296 4259 495 4325 ilircheriano
518 4268 549 4326 et
570 4258 718 4325 Vaticano
740 4259 794 4325 uhi
821 4264 1007 4330 ...ΖΑΝΟ
1031 4259 1060 4324 io
1084 4257 1212 4344 postica.

204 4361 233 4444 4)
255 4369 429 4435 (οςΑΝο
453 4365 482 4427 in
506 4362 632 4450 postica.

280 4465 379 4550 Caput
400 4466 508 4532 Martis
531 4465 651 4531 barbati
675 4466 830 4548 galeatum
853 4466 892 4530 ad
916 4466 1060 4531 dextram.

281 4567 421 4634 Protome
445 4567 517 4654 equi
541 4567 648 4634 frenati
672 4570 710 4632 ad
733 4569 870 4634 dextram
893 4587 999 4644 versa,
1022 4568 1101 4633 inira
1124 4566 1258 4653 delphin.

239 4671 326 4756 npod
350 4672 458 4738 ducem
480 4672 518 4738 de
540 4672 649 4738 Blacas
673 4672 724 4757 qui
748 4678 889 4757 ectppum
912 4673 1004 4735 misit.
