3650 5342
343 313 360 372 b

333 432 474 498 columna
489 433 555 496 niae
572 415 712 496 ostiensis
733 435 779 512 R,
799 435 843 513 Β
862 433 889 497 in
906 431 1018 496 cistula
1031 431 1227 517 praenestina
1242 437 1289 514 pl,
1313 435 1403 517 [nin
1420 452 1473 498 ara
1487 434 1606 500 Cleonis
1622 437 1662 520 R.

330 533 448 620 ltppicti
471 535 565 620 apicis
588 533 672 616 origo
697 535 784 599 lacile
809 536 1035 599 demonstratur
1057 534 1219 600 collatione
1238 535 1391 601 titulorum
1408 535 1662 602 Chalcidensium.

331 636 373 700 Ex
397 637 559 723 epigraphe
583 657 710 702 cumana
731 637 859 723 graphio
882 645 1006 702 exarata
1029 638 1124 702 edidit
1147 636 1345 703 Minervinius
1368 639 1491 705 sormam
1512 642 1554 722 pot
1572 641 1661 724 plane

331 739 527 822 singularem:
552 761 587 805 ea
610 749 728 806 onustat
752 761 789 805 ex
811 743 962 808 communi
986 742 1202 825 retrogradae
1222 741 1270 805 cui
1295 742 1472 826 aper-infra
1493 750 1616 828 aptatur
1631 745 1662 808 in

332 843 410 907 hunc
441 844 560 909 modum
584 844 629 927 9.
660 845 725 908 Pari
754 842 868 909 ratione
896 843 1025 908 effictam
1053 843 1200 909 hahemus
1229 842 1260 907 in
1287 844 1455 930 epigraphe
1485 846 1618 912 thebana
1644 865 1663 910 a

331 947 477 1030 llangabe
493 947 574 1012 edita
591 951 724 1028 (who
743 951 937 1027 ΑΩΨΟΝΤ
954 947 1073 1031 (Hippon
1084 946 1265 1032 Ἀρχιιτις).
1281 948 1511 1031 Additusigitur
1524 956 1571 1013 cst
1584 969 1662 1035 aper

335 1045 499 1114 ulmellos
526 1053 568 1132 ρῶ
591 1070 609 1114 a
634 1048 735 1124 δέλτα,
759 1069 838 1134 quae
868 1070 905 1115 eo
934 1051 998 1114 lere
1027 1052 1116 1116 modo
1145 1048 1229 1136 pingi
1259 1050 1391 1128 solebat,
1414 1051 1662 1134 distingueretur.

332 1151 447 1216 Nomen
473 1151 664 1218 Cassandrae
687 1155 731 1218 sie
753 1155 856 1218 dorica
879 1154 1051 1218 litteratura
1072 1153 1120 1217 his
1142 1153 1201 1236 legi
1225 1155 1254 1218 in
1276 1160 1381 1238 patera
1399 1162 1520 1219 etrusca
1536 1155 1663 1240 graphio

331 1243 465 1320 notatum
492 1260 743 1334 ΚΒΜΑΝῠιΑ,
769 1261 1028 1352 ΚΒΜᾼΝρὓΑ,
1051 1256 1080 1320 in
1104 1276 1164 1341 quo
1182 1263 1241 1320 tam
1258 1256 1324 1320 lere
1340 1255 1507 1322 discrimen
1523 1263 1570 1321 est
1587 1259 1664 1322 inter

330 1356 382 1421 illa
404 1359 464 1422 duo
487 1357 644 1434 elementa,
665 1365 697 1421 ut
720 1358 875 1422 evidenter
898 1365 1045 1443 appareat
1068 1378 1146 1443 quae
1169 1358 1259 1422 luerit
1280 1357 1351 1422 olim
1374 1379 1467 1424 causa
1490 1358 1586 1444 apicis
1609 1361 1663 1424 ad-

329 1459 432 1524 dendi.
456 1459 493 1522 Et
516 1460 565 1524 hic
588 1462 710 1546 quidem
738 1481 814 1546 apex
844 1459 958 1547 duplici
985 1461 1072 1525 modo
1096 1468 1144 1524 est
1166 1461 1322 1546 appictus:
1349 1471 1400 1526 aut
1422 1463 1500 1527 enim
1523 1462 1659 1528 lunulam

330 1562 406 1628 inira
426 1563 558 1628 hiantem
583 1565 675 1628 ductu
698 1565 832 1649 repando
855 1564 1075 1648 aliquantulum
1098 1563 1286 1648 producitur,
1309 1573 1360 1629 aut
1382 1566 1423 1630 ita
1445 1572 1565 1651 aptatur
1588 1586 1656 1631 rer·

331 1665 413 1730 ticali
437 1672 471 1730 ut
493 1667 582 1731 modo
605 1665 717 1740 iaceat,
741 1667 829 1731 modo
852 1665 977 1752 oblique
1000 1673 1151 1732 excurrat.
1434 1643 1443 1664 ⁸

413 1773 447 1848 S,
473 1774 499 1838 5.
524 1768 607 1834 Stela
628 1770 860 1835 Democharidis
878 1777 907 1834 et
925 1770 1058 1834 Tataeae
1074 1769 1211 1855 lecythus
1231 1778 1262 1835 et
1280 1774 1392 1836 nummi
1409 1773 1515 1855 Regini
1531 1771 1658 1836 sormam

330 1866 504 1954 angulatam
528 1872 685 1956 praebent,
709 1871 864 1938 sinuosam
887 1893 959 1938 vero
976 1879 1037 1937 tum
1054 1872 1110 1957 ipsi
1131 1873 1244 1937 nummi
1262 1873 1388 1958 Regini,
1408 1883 1469 1940 tum
1486 1873 1661 1939 Latinorum

330 1993 382 2038 aes
405 1973 513 2039 librale
537 1973 660 2060 aliaque
683 1983 891 2042 monumenta:
915 1975 988 2040 item
1011 1981 1042 2038 et
1064 1974 1235 2060 promiscue
1258 1977 1348 2041 modo
1371 1978 1411 2042 ad
1434 1978 1569 2042 dextram
1594 1983 1612 2050 S
1637 1983 1664 2052 ι,

329 2078 481 2145 modoad
511 2079 662 2143 sinistram
688 2085 705 2151 2
730 2085 744 2150 ι
768 2098 959 2144 conversam.
990 2077 1101 2143 Falisci
1131 2080 1182 2165 qui
1207 2079 1347 2144 scribunt
1375 2079 1553 2162 retrogrado
1582 2098 1665 2145 more

328 2188 462 2256 etrusco,
486 2203 500 2244 s
523 2188 621 2246 tamen
647 2181 793 2248 adhihent
814 2183 876 2247 lere
898 2180 1013 2266 ubique
1036 2181 1246 2265 respicientem
1269 2182 1309 2246 ad
1327 2183 1465 2247 dextram
1486 2189 1504 2254 2
1523 2183 1565 2246 uti
1587 2179 1666 2246 bles·

328 2285 478 2348 saniorum
503 2285 614 2348 nummi
639 2304 676 2348 ex
699 2285 806 2350 dextra
825 2283 855 2347 in
875 2283 1029 2380 sinistram
1046 2290 1176 2359 vertunt,
1194 2284 1392 2369 scribuntque
1419 2290 1664 2357 ΜΕιιΕΝΙΟΝ.

412 2393 447 2458 Τ.
471 2387 562 2452 linea
585 2396 759 2452 transversa
786 2388 1021 2472 superimposita
1048 2387 1179 2452 verticali
1202 2386 1326 2452 brevior
1349 2390 1379 2452 in
1409 2389 1533 2471 priscis,
1553 2387 1664 2472 produ·

329 2489 405 2555 ctior
424 2491 452 2552 in
472 2490 691 2555 recentioribus
710 2498 764 2554 est.
783 2489 955 2575 Aliquando
974 2489 1064 2554 etiam
1081 2510 1139 2554 non
1158 2491 1247 2568 iacet,
1266 2491 1320 2555 sed
1339 2489 1494 2574 fastigiata
1512 2489 1666 2573 effingitur

328 2595 357 2656 in
381 2593 461 2658 hunc
492 2594 612 2659 modum
644 2597 690 2672 τ,
719 2593 802 2658 utin
826 2593 937 2658 lamina
958 2613 1055 2658 aenea
1078 2594 1137 2658 illa.
1167 2593 1200 2657 ln
1224 2593 1346 2679 lecytho
1370 2614 1502 2659 cumano
1526 2596 1666 2678 quamvis

329 2696 503 2779 retrogrado
525 2699 636 2783 scripto
660 2696 836 2780 obliquatur
858 2697 895 2761 ad
919 2698 1071 2773 dextram,
1096 2700 1139 2776 p.
1165 2696 1288 2761 Paulum
1313 2697 1391 2762 inira
1413 2705 1527 2763 rectam
1552 2697 1666 2761 lineam

330 2807 533 2864 transversam
556 2799 793 2864 descendentem
816 2802 863 2879 f,
888 2787 940 2864 vel
960 2799 1155 2874 dimidiatam,
1178 2800 1297 2882 qualem
1321 2799 1465 2864 exhibent
1486 2800 1605 2864 Etrusci
1632 2805 1667 2873 Υ,

329 2910 358 2966 ct
379 2904 494 2989 quiab
517 2903 652 2968 Etruscis
675 2903 808 2988 pendent
829 2902 958 2979 Falisci,
981 2910 1012 2967 et
1033 2902 1212 2988 Capenates.
1243 2910 1263 2976 Υ
1288 2905 1316 2966 in
1341 2904 1468 2968 Graecis
1491 2911 1521 2966 et
1548 2904 1664 2968 Latinis

329 3007 542 3071 vetustissimis
565 3008 702 3092 exemplo
726 3015 808 3072 caret
830 3007 949 3070 idoneo.
972 3007 1168 3071 ltlonumenta
1189 3005 1351 3091 phaenicia
1373 3027 1391 3072 a
1413 3006 1614 3071 (Tanaanitide
1634 3013 1665 3070 et

329 3109 444 3174 hssiria
468 3111 556 3175 modo
573 3109 767 3174 decussatum
786 3116 811 3179 Χ
829 3109 918 3173 modo
938 3116 1141 3173 transversam
1158 3108 1190 3173 in
1205 3129 1320 3174 summa
1338 3108 1472 3174 verticuli
1487 3114 1514 3180 ζ
1529 3107 1663 3193 oblique,

330 3219 499 3292 recterel·
522 3212 711 3276 commissam
735 3219 907 3276 constanter
929 3219 1169 3297 repraesentant.
1194 3211 1336 3276 Ultimam
1358 3210 1438 3276 hanc
1462 3209 1588 3275 sormam
1616 3213 1663 3274 in-

332 3318 420 3380 renio
444 3317 472 3379 in
498 3321 630 3387 ΜΕΗΟ
655 3317 768 3400 speculi
793 3313 979 3400 praenestini
1002 3321 1062 3378 tam
1086 3314 1232 3399 singulari
1255 3314 1395 3398 exemplo
1417 3333 1507 3401 quam
1530 3322 1623 3379 certo.

417 3425 458 3495 tl,
484 3421 534 3498 hl,
558 3421 609 3499 V.
643 3419 784 3482 Litteram
808 3417 885 3481 hane
906 3416 973 3480 'sire
996 3419 1148 3493 vocalem,
1171 3417 1235 3480 sive
1258 3424 1476 3508 consonantem
1498 3415 1545 3480 his
1569 3416 1663 3481 tribus

332 3520 434 3585 lnrmis
460 3523 587 3606 pingunt
608 3521 705 3585 Latini
729 3522 933 3597 vetustissimi,
957 3519 1009 3604 qui
1033 3540 1051 3585 a
1069 3519 1196 3584 Graecis
1219 3527 1409 3603 acceperunt,
1428 3518 1512 3605 iique
1530 3538 1548 3584 a
1566 3518 1663 3584 Phoe·

332 3625 429 3700 niciis,
453 3624 533 3708 apud
557 3644 634 3708 quos
658 3625 687 3687 in
702 3623 795 3705 liegis
811 3624 916 3688 blesae
933 3625 1008 3687 stela
1024 3624 1170 3706 virgulam
1186 3623 1280 3686 habet
1294 3622 1463 3688 subiectam
1483 3626 1534 3702 Υ.
1560 3628 1602 3694 Ψ.
1621 3629 1661 3696 Υ,

330 3746 419 3811 quarn
443 3725 648 3810 antiquissimi
672 3727 800 3790 Theraei
823 3734 854 3790 et
877 3727 965 3791 lones
989 3728 1188 3805 retinuerunt,
1209 3733 1239 3788 at
1260 3727 1358 3791 Dores
1386 3733 1416 3790 et
1443 3724 1662 3790 Chalcidenses

329 3831 510 3894 reciderunt.
541 3828 702 3911 Ellingitur
729 3837 876 3895 autema
906 3829 1020 3893 Latinis
1050 3831 1091 3893 ita
1121 3837 1152 3893 ιιι
1181 3829 1278 3893 altera
1306 3837 1377 3893 utra
1403 3828 1484 3892 linea
1512 3827 1665 3912 obliquior

330 3934 384 4006 sit,
408 3951 468 4015 quo
492 3933 581 3996 etiam
604 3932 693 3996 modo
717 3933 727 3993 ι
749 3939 980 4016 repraesentare
1002 3931 1100 3995 solent
1126 3939 1173 4009 b,
1197 3939 1237 4001 b:
1261 3951 1356 4016 quare
1380 3931 1477 3995 miuus
1500 3928 1590 4016 periti
1609 3929 1663 3994 ali·

329 4035 451 4118 quaudo
474 4035 580 4116 legunt
603 4035 612 4095 l
635 4053 689 4118 pro
711 4054 728 4096 o
751 4040 780 4098 et
802 4041 923 4098 contra:
946 4035 976 4096 in
999 4054 1059 4118 quo
1083 4033 1198 4118 antiqui
1221 4033 1390 4118 sculptores
1405 4032 1494 4097 etiam
1510 4033 1661 4097 interdum

329 4143 469 4202 errarunt
491 4138 542 4222 qui
567 4138 605 4200 ad
628 4156 731 4221 parem
755 4135 946 4201 altitudinem
968 4142 1179 4216 assurgentem
1202 4134 1312 4202 lineam
1336 4142 1496 4220 utramque
1510 4135 1663 4201 iecerunt:

331 4239 402 4303 inde
426 4240 455 4303 in
482 4240 610 4304 nummis
635 4238 816 4304 l‘osidoniae
840 4239 967 4322 legimns
990 4244 1140 4313 ΛιΙΙΞΝΙ,
1162 4258 1270 4323 nempe
1292 4239 1400 4315 Σειλιι,
1423 4239 1455 4302 ιιι
1476 4237 1553 4302 cista
1574 4257 1662 4322 prae·

333 4340 455 4407 nostine
471 4345 658 4419 lettres.
682 4347 835 4416 hernes.

415 4449 448 4516 Ζ.
461 4442 560 4509 lluius
572 4442 692 4509 litterae
705 4445 948 4529 antiquissimum
961 4444 1131 4530 exemplum
1145 4447 1266 4510 omnino
1276 4441 1662 4509 nullumdantltitscbelius

332 4556 363 4614 et
383 4546 596 4612 Mommsenius
620 4547 650 4611 in
673 4569 799 4633 corpore
822 4547 1051 4633 inscriptionum
1074 4546 1235 4614 latinarum
1258 4527 1548 4633 antiquissimarhm.
1584 4546 1660 4612 Pro·
1703 4549 1715 4572 ⁸

330 4658 435 4738 pterea
451 4650 533 4736 quod
549 4650 739 4716 Cozauorum
755 4671 908 4716 nummum
924 4649 1143 4717 Mommsenius
1155 4671 1260 4717 errore
1270 4655 1357 4737 putat
1369 4649 1469 4716 febrili
1482 4647 1661 4733 inscriptum
