3650 5342
355 294 388 352 ll

387 416 416 479 in
441 413 656 486 Praetutianis,
680 433 759 498 quae
781 413 872 479 bodie
895 415 1025 478 Toranio
1048 415 1169 490 dicitur,
1192 419 1274 501 quod
1293 415 1474 481 vocabulum
1493 426 1669 504 corruptum

385 517 496 600 legitur
515 517 672 594 Palatino,
697 517 869 581 Palestinae
894 520 921 580 in
946 517 1097 583 breviario
1120 517 1286 603 lrpginiano
1310 519 1347 583 de
1370 517 1525 596 Coloniis,
1550 541 1578 603 p.
1600 524 1672 591 226,

385 625 456 693 255.
480 625 554 698 259,
578 621 717 704 maloque
739 621 815 686 adeo
838 623 878 684 sit
899 641 918 686 a
940 621 1082 686 Cluverio
1106 622 1300 687 emendatum
1324 623 1537 698 Praetutiana,
1556 625 1620 686 sive
1641 630 1673 687 ut

385 723 413 788 in
437 724 538 789 indice
557 723 701 788 scribitur
716 721 939 809 Praeputiana;
962 742 1050 788 uemo
1067 731 1168 788 tarum
1184 723 1260 812 dixit
1276 745 1332 789 cur
1347 725 1391 788 illi
1409 725 1603 789 interamnae
1619 726 1673 788 atl-

384 827 480 892 ‹litum
503 829 543 890 sit
566 833 799 910 cognomentum
831 825 992 890 Palacinae
1015 826 1061 890 vel
1088 825 1264 903 Palatinae,
1294 827 1377 911 quod
1400 848 1433 891 re
1455 829 1580 912 quidem
1602 847 1674 892 vera

383 949 507 996 causam
537 949 596 994 non
629 929 728 994 babet.
752 929 890 1014 Namque
914 937 1019 995 notum
1047 937 1094 994 est
1125 931 1313 994 lnterumuas
1336 931 1411 995 istas
1435 929 1528 996 urbes
1551 933 1673 1015 proprio

385 1037 585 1116 cognomento
610 1029 754 1116 distingui
779 1030 945 1116 aliquando
968 1031 1110 1097 alluviis
1134 1033 1441 1116 praeterlabentibus.
1467 1035 1573 1117 ltaque
1594 1034 1674 1098 dicta

279 1143 284 1151 '
384 1143 431 1201 est
453 1135 628 1201 Interamna
652 1134 789 1210 Lirinas,
813 1155 891 1220 quaa
916 1136 1077 1200 continens
1099 1143 1147 1199 est
1168 1135 1378 1213 Casinatibus,
1396 1142 1428 1201 et
1446 1137 1618 1202 interamna
1631 1137 1670 1200 ad

386 1239 511 1310 Narem,
528 1237 610 1303 unde
631 1237 852 1302 interamnates
867 1239 976 1303 Nartes
992 1237 1196 1323 appellantur.
1220 1239 1313 1317 Quae¹
1324 1259 1392 1304 cum
1408 1239 1451 1304 ita
1465 1240 1527 1304 sint
1541 1246 1673 1303 nostram

386 1344 590 1406 interamnam
621 1359 640 1405 a
669 1340 912 1424 praeterlabente
942 1339 1034 1406 llario
1064 1341 1170 1406 balino
1201 1343 1259 1407 dici
1288 1342 1445 1427 probabile
1469 1349 1516 1407 est
1537 1341 1675 1426 potuisse

387 1448 558 1510 interamna
577 1443 616 1507 ad
636 1442 791 1532 Batinum,
810 1444 891 1510 uudc
910 1446 1045 1529 corrupti
1064 1446 1187 1510 codices
1204 1444 1302 1510 iecere
1319 1445 1507 1520 Patauinum,
1524 1445 1673 1519 Palatino,

386 1548 567 1614 Palestinae.
590 1547 688 1612 Sedes
712 1547 911 1612 Palaenorum
935 1567 1014 1631 quae
1037 1549 1128 1612 luerit
1149 1551 1313 1630 ignoratur.

428 1652 461 1734 b)
489 1656 578 1722 ΡΑΙ,
600 1651 628 1714 in
652 1648 781 1734 postica.

513 1755 614 1836 Caput
643 1753 719 1818 deae
748 1753 881 1818 dracone
911 1752 991 1818 alato
1019 1753 1205 1830 incinctum,
1234 1757 1321 1821 euius
1349 1755 1499 1839 prominet
1520 1756 1550 1817 in
1574 1754 1672 1816 lroute

555 1863 699 1922 rostrum:
722 1873 814 1939 supra
834 1857 995 1920 draconem
1014 1865 1061 1919 est
1080 1876 1211 1939 pegasus
1229 1857 1309 1931 ales,
1329 1858 1412 1921 eirca
1431 1856 1540 1920 collum
1560 1857 1671 1919 monile

556 1979 592 2024 aa
616 1957 758 2041 globulis.
1261 1970 1263 1975 '

512 2061 642 2126 Corona
657 2080 782 2146 querna.

471 2165 524 2229 list
539 2167 568 2228 in
584 2163 801 2236 lliroberianm
820 2164 994 2249 pendetque
1011 2185 1054 2246 gr.
1073 2170 1160 2238 3,60.
1183 2165 1252 2230 l'uit
1265 2166 1337 2229 olim
1353 2166 1435 2251 apud
1452 2165 1672 2246 llillingenum.

385 2270 436 2354 qui
459 2267 604 2353 sulphure
620 2273 781 2352 exceptum
801 2266 970 2349 Borghesio
988 2267 1078 2332 misit.
1104 2268 1158 2331 llic
1177 2289 1234 2353 pro
1256 2274 1343 2339 ΠΑι,
1361 2267 1444 2352 quod
1463 2275 1544 2332 recte
1562 2266 1675 2331 llillio·

386 2391 484 2454 genus
502 2369 687 2436 delineatum
707 2376 737 2433 ol
755 2370 882 2434 incisum
899 2377 965 2433 erat
980 2370 1127 2445 erlitums,
1142 2373 1239 2436 suasit
1254 2380 1286 2435 ut
1300 2372 1416 2454 legerat
1437 2377 1585 2443 Plltth
1596 2376 1604 2440 's
1616 2376 1672 2439 Νν

387 2479 561 2560 comparato
584 2471 706 2538 nummo
729 2471 767 2536 de
791 2491 853 2555 quo
877 2471 927 2553 egi
950 2472 1099 2557 superios.
1123 2471 1204 2538 llale
1226 2475 1320 2556 igitur
1337 2475 1448 2538 lactum
1470 2481 1503 2537 ut
1526 2492 1580 2556 pro
1603 2491 1675 2536 vera

388 2579 516 2643 lectione
540 2573 653 2641 nummi
677 2574 784 2640 salsam
808 2574 991 2658 llorgbesius
1014 2574 1157 2653 interret,
1181 2584 1211 2640 et
1232 2578 1271 2641 ad
1294 2574 1470 2663 opinionem
1493 2576 1676 2642 delineatam

387 2682 518 2766 mitteret
544 2677 718 2744 Qvadonio
748 2677 799 2763 qui
831 2673 967 2759 vulgavit
995 2679 1025 2742 in
1048 2677 1134 2773 Null,
1162 2663 1386 2744 blinerniuiano
1409 2688 1440 2743 et
1462 2697 1528 2742 meo
1551 2697 1599 2742 an.
1623 2677 1674 2755 ll,

387 2784 447 2850 tab.
467 2804 490 2862 r,
510 2804 539 2848 n.
561 2786 572 2845 t
597 2800 666 2847 cum
690 2779 850 2862 Borghesii
874 2779 1004 2865 epistola
1027 2802 1055 2865 p.
1082 2785 1129 2846 t5.

345 2891 395 2952 72.
419 2888 536 2970 (dt.)
560 2886 595 2970 o]
624 2888 784 2956 tntttrtfit
810 2883 838 2947 in
864 2883 991 2967 postica.

514 2988 613 3073 Caput
635 2988 711 3052 deae
734 2985 899 3068 galeatum.

515 3091 619 3175 Equus
641 3088 770 3158 saliens,
794 3108 887 3172 supro
909 3090 1009 3153 stella.

472 3193 617 3259 Nummus
639 3212 749 3258 aereus
771 3193 800 3255 in
825 3213 885 3276 quo
908 3211 982 3256 casu
1006 3193 1106 3277 patrio
1130 3213 1239 3258 nomeu
1263 3193 1368 3278 oppiili
1388 3193 1533 3258 Larinum
1550 3213 1677 3276 expres·

386 3279 467 3374 sum,
490 3305 757 3383 permutatumquc
776 3317 792 3354 r·
810 3295 839 3358 in
858 3297 878 3356 d
895 3295 1026 3359 tortasse
1043 3316 1080 3359 en
1098 3297 1322 3385 consuetudine
1338 3297 1493 3381 alphabeti
1511 3296 1679 3361 Frentano-

355 3455 356 3460 ,
387 3421 453 3466 rum
470 3401 499 3463 in
517 3418 577 3483 quo
593 3419 610 3460 r
625 3399 770 3482 scriptum
788 3397 899 3480 legitur
915 3397 971 3462 bac
986 3398 1083 3463 lorrna
1098 3404 1139 3476 ῦς
1157 3419 1288 3483 namque
1304 3400 1443 3464 eudemo
1453 3419 1507 3484 pro
1518 3420 1535 3459 r
1548 3406 1675 3464 utuntur

387 3501 536 3590 Hyriatini
568 3501 782 3583 Gargaoensos
811 3501 840 3563 in
864 3502 994 3564 nummis
1016 3503 1060 3565 sic
1083 3501 1243 3586 insculptis
1269 3508 1425 3580 ΙῦΝοΗ,
1447 3502 1493 3566 vel
1519 3507 1674 3573 ΙυΝοοε

387 3609 417 3672 in
440 3605 572 3671 nummis
595 3623 667 3670 vero
689 3623 800 3685 graece
824 3601 980 3687 inscriptis
1003 3605 1147 3670 exhibent
1170 3612 1391 3682 ΛΑΡΙΝΩΝ,
1414 3611 1663 3677 ΥΡΙΑΤΙΝΩΝ.

433 3707 570 3790 (2506.)
594 3708 626 3789 b)
653 3710 834 3779 tantalon
859 3707 888 3769 in
913 3707 1045 3791 postica.

514 3809 615 3894 Caput
636 3808 712 3872 deae
734 3806 897 3891 galeatum.

516 3911 659 3988 Fulmen,
682 3910 847 3976 cadueeus.
893 3987 900 4003 ο

448 4015 508 4082 'lu
533 4034 635 4082 museo
661 4012 815 4078 Vaticano.

471 4119 509 4184 lli
533 4120 593 4184 duo
617 4117 731 4184 nummi
754 4117 819 4182 cusi
839 4119 875 4182 art
896 4120 983 4184 litrae
1000 4140 1167 4206 campanae
1185 4121 1323 4202 modum;
1339 4124 1485 4208 conequi
1501 4129 1675 4210 seqpuntur

388 4225 483 4291 librae
507 4228 609 4307 partes
631 4219 787 4285 continent
810 4228 842 4284 ut
864 4221 982 4286 Etrusci
1005 4221 1173 4302 albatiani,
1197 4247 1274 4311 quas
1297 4246 1351 4311 per
1374 4226 1514 4308 globulos
1529 4225 1675 4291 indicant.

388 4327 507 4393 Libram
532 4333 630 4390 umen
654 4323 836 4398 omiserunt,
861 4325 1029 4412 incipitque
1052 4328 1148 4392 series
1171 4349 1189 4393 a
1211 4331 1393 4413 quincunce.
1484 4350 1492 4366 ·

433 4431 461 4514 a)
485 4435 671 4506 tnutctott
694 4433 742 4497 vel
775 4435 963 4503 tabtmoo
987 4432 1018 4493 in
1040 4431 1175 4516 postica,
1199 4439 1233 4501 ll.

515 4533 613 4616 Caput
634 4536 768 4600 iuvenile
791 4536 960 4598 laureatum
984 4531 1113 4600 florente
1137 4535 1225 4598 mala.

513 4637 616 4726 Eques
638 4638 718 4721 pileo
734 4639 842 4702 conico
858 4639 981 4702 cristato
996 4644 1111 4711 tectus,
1129 4639 1238 4724 clypeo
1256 4641 1386 4704 rotundo
1404 4639 1534 4705 umbone
1550 4645 1674 4704 exlame
