3650 5342
370 261 403 331 ht

539 325 550 358 h

399 400 519 462 nomine
543 397 650 462 mutari
676 417 734 462 non
759 400 857 462 statim
880 406 951 484 post
972 398 1122 462 coloniam
1146 399 1324 474 deductam,
1348 397 1401 462 sed
1424 397 1577 483 aliquanto
1600 405 1676 482 post.

400 501 486 580 Quae
505 521 572 567 curn
592 500 721 584 legimus
739 499 891 586 cupiditas
908 520 962 563 nos
979 499 1061 565 subit
1075 500 1190 565 sciendi
1206 502 1358 586 quomodo
1374 498 1563 584 epigraphae
1576 500 1677 564 latinis

398 611 482 669 certe
506 611 644 668 constent
668 624 703 666 ex
728 610 813 687 parte
838 605 968 678 litteris3
998 603 1080 668 nulla
1102 605 1182 668 errim
1202 611 1353 687 ‘estqune
1377 600 1545 667 certissime
1568 620 1678 684 graeca

351 745 353 751 ι
397 725 466 771 esso
483 727 540 770 non
558 705 663 790 possit,
681 704 859 790 praesertim
876 727 956 781 cuni,
973 726 1031 770 non
1048 707 1146 772 dicam
1164 707 1255 770 littici
1273 703 1429 787 ethrgini
1445 705 1608 789 dequibus
1624 724 1677 768 no·

397 816 473 884 lum,
493 811 547 874 sed
563 808 623 896 ipsi
641 809 857 874 Chalcidenses
874 809 1065 894 Neapolitani
1082 817 1105 880 Ι,
1120 810 1268 893 quadrato
1284 827 1384 893 aeque
1399 828 1435 874 ac
1450 815 1539 873 acuto
1554 814 1677 872 utantur

395 913 424 976 in
450 914 578 978 nummis
597 914 660 976 suis
678 912 768 996 (Ball.
785 911 892 998 Napai.
913 913 934 987 l,
952 921 1011 996 lav„
1029 932 1067 991 rr,
1086 919 1095 975 l
1108 915 1126 995 l.
1151 912 1238 991 Quae
1257 933 1324 978 cnm
1342 913 1384 976 ita
1399 914 1459 976 sint
1474 911 1594 976 sublato
1610 911 1676 975 lun·

397 1017 547 1091 (lamento,
564 1023 630 1079 ruat
647 1035 771 1080 necesse
789 1023 835 1080 est
850 1017 946 1080 omnis
965 1016 1154 1080 llommsenii
1171 1017 1403 1098 argumentatio.
1426 1015 1488 1079 Nec
1502 1014 1598 1096 magis
1613 1014 1678 1098 ipse

396 1120 536 1204 probavit
559 1120 659 1182 llulios
681 1120 966 1204 essepleeurtatnm
990 1120 1205 1194 erbaticola,
1234 1139 1303 1183 curn
1326 1119 1486 1202 analogice
1509 1139 1527 1182 a
1550 1118 1677 1182 Graecis

397 1223 437 1285 ita
453 1220 564 1306 polerit
578 1221 671 1286 scribi
699 1227 856 1296 ΜΑΗΕς,
884 1229 916 1285 ιιι
937 1229 1112 1298 ΣΙΠΟΕς,
1135 1223 1215 1288 unde
1239 1225 1352 1293 Σιποῦς
1373 1220 1560 1286 Graecorum
1577 1226 1608 1285 et
1622 1218 1675 1282 Si·
1733 1242 1739 1265 =

396 1332 522 1410 punlunr
544 1325 718 1388 Italicorum
742 1331 840 1389 ortum
865 1327 1039 1405 duxerunt,
1063 1333 1094 1388 et
1116 1327 1213 1389 llores
1236 1324 1293 1391 bae
1315 1325 1527 1389 terminatione
1553 1328 1594 1395 [S
1621 1342 1677 1407 pro

399 1434 456 1499 ΕΙς
475 1429 504 1491 in
521 1427 671 1492 similibus
690 1435 814 1492 utantur
834 1427 1036 1510 (Chenobosc.
1053 1429 1101 1492 ed.
1117 1428 1209 1501 Bell,
1225 1450 1253 1514 p.
1271 1429 1361 1507 ll8);
1380 1434 1442 1491 tum
1460 1428 1548 1508 origo
1564 1443 1675 1512 graeca

395 1532 423 1595 in
447 1531 586 1614 Apolline
609 1529 753 1592 Mallem
781 1529 1031 1615 adsh'pulalorenr
1057 1533 1153 1614 ipsum
1177 1531 1406 1595 hlornmsenium
1430 1537 1519 1593 nacta
1542 1536 1597 1593 est.
1630 1527 1678 1594 Sit

394 1631 488 1715 igilur
510 1633 565 1696 isle
589 1652 727 1696 rrurrrnrus
751 1652 861 1716 graece
884 1631 1072 1718 inscriptus,
1096 1633 1301 1718 oppidumque
1333 1637 1494 1708 ΜΑΗΗ,
1526 1635 1673 1702 lentie}

395 1755 449 1820 per
471 1735 655 1800 anadromen
681 1736 852 1797 Maluentum
874 1736 1004 1811 dietum,
1029 1735 1134 1804 italica
1156 1735 1302 1812 dialecto,
1318 1744 1352 1799 nt
1366 1733 1487 1812 similia,
1503 1734 1676 1806 Tarentum,

395 1839 603 1913 Grumentum,
627 1859 694 1902 curn
719 1837 909 1902 habitaretur
932 1859 950 1903 a
972 1839 1170 1903 Samnitibus.
1192 1839 1229 1903 Et
1247 1839 1434 1902 litteraturae
1451 1857 1582 1922 graecae.
1599 1837 1676 1900 anti·

395 1961 475 2027 quae
498 1939 654 2026 specimen
678 1960 774 2024 nuper
797 1939 959 2005 habuimus
983 1944 1011 2005 in
1034 1941 1134 2026 lapide
1157 1939 1311 2026 sepulchri
1334 1940 1439 2006 ellossi
1457 1940 1621 2005 Beneventi
1640 1939 1676 2002 ad

395 2044 514 2109 moenia
537 2041 566 2106 in
591 2063 652 2126 quo
676 2041 849 2125 legebatur,
876 2053 905 2107 ul
930 2043 1001 2107 mihi
1024 2045 1148 2128 scripsit
1165 2044 1283 2109 amicus
1298 2043 1384 2107 Colle
1403 2043 1441 2108 de
1460 2043 1530 2106 Vita
1554 2092 1581 2106 ..
1597 2043 1674 2126 ΙΡΟ.

394 2145 515 2226 Quibus
538 2148 723 2228 argumentis
748 2148 864 2211 aceedit
887 2148 1045 2212 commodo
1069 2147 1190 2211 traditio
1208 2167 1287 2231 qnae
1305 2147 1442 2212 Graecos
1461 2147 1551 2212 huius
1569 2145 1674 2229 oppidi

396 2251 467 2314 lacit
489 2257 638 2314 auctores.
762 2221 768 2262 ⁸

352 2359 402 2417 ot.
429 2354 545 2438 (219.)
573 2359 829 2426 ΒΕΝνΕΝΤοῠ
853 2354 882 2417 in
907 2355 1021 2428 antica,
1048 2359 1241 2426 [ἸκοΓῑοΜ
1265 2352 1296 2417 in
1320 2354 1447 2438 postica.

520 2457 619 2541 Caput
640 2456 789 2539 Apollinis
813 2457 996 2522 laureatum.

521 2559 622 2645 Equus
646 2560 772 2636 saliens,
796 2579 889 2644 snpra
912 2568 1037 2624 astrum.

478 2662 576 2726 Latini
600 2663 699 2726 coloni
726 2670 757 2726 ut
780 2664 860 2728 lama
881 2671 943 2738 est,
966 2671 1054 2727 setus
1077 2662 1221 2749 oppidum
1245 2661 1427 2728 llalvenlum
1450 2661 1559 2726 ominis
1581 2678 1677 2724 cansa

395 2765 601 2830 beneventum
626 2767 911 2831 transnorninarunl.
938 2768 970 2829 ln
995 2786 1114 2830 nurrrnro
1139 2785 1247 2830 nornen
1272 2765 1393 2849 oppidi,
1416 2760 1519 2827 addila
1541 2764 1560 2823 d
1581 2782 1676 2845 para-

394 2870 519 2950 gogioa,
544 2887 616 2932 osea
640 2869 861 2932 consuetudine
885 2876 917 2932 nl
941 2871 970 2933 in
997 2871 1125 2946 liceant,
1149 2869 1340 2930 florulmmiod
1360 2874 1452 2950 atquo
1472 2865 1504 2933 in
1527 2867 1675 2940 torinna,

392 2971 536 3048 toulon,
561 2972 648 3034 lelaod
676 2973 776 3035 media
799 2993 816 3033 r
838 2973 866 3035 in
890 2977 908 3034 d
935 2979 1145 3056 pernintalnr,
1170 2972 1211 3036 ila
1234 2971 1264 3034 in
1285 2965 1401 3053 pr'oporn
1424 2971 1546 3034 lalinanr
1570 2989 1675 3031 vocem

391 3076 509 3153 probem
532 3075 677 3139 dehemus
702 3095 882 3156 aprroscere:
908 3097 975 3139 nam
999 3075 1046 3138 his
1070 3076 1139 3138 olim
1160 3076 1271 3138 dietum
1290 3096 1325 3155 op
1341 3095 1378 3154 up
1397 3093 1452 3156 pro
1470 3076 1503 3134 ob
1520 3075 1556 3134 oh
1574 3079 1605 3134 et
1621 3094 1677 3150 pop

394 3176 525 3260 positum
550 3197 604 3261 pro
627 3180 696 3256 pub,
721 3179 803 3260 quod
827 3181 948 3260 quidem
973 3179 1081 3262 prohat
1103 3177 1141 3240 ab
1165 3179 1220 3242 hac
1239 3179 1459 3262 permutatione
1476 3175 1600 3238 latinam
1620 3174 1678 3238 lin-

392 3299 482 3362 guam
506 3299 562 3342 nun
587 3277 761 3344 abhorrere.

475 3381 583 3464 ltaque
606 3389 639 3445 ut
663 3384 690 3446 in
715 3383 877 3447 Suessanis
904 3389 1101 3454 l'ltlosstlld,
1126 3389 1324 3458 PROBOM.
1343 3383 1387 3447 sic
1403 3380 1433 3445 in
1449 3380 1676 3446 Beneventanis

395 3489 612 3555 UROUOM:
643 3486 769 3568 quaesi
794 3486 960 3568 diligenter
990 3485 1201 3558 attendamus,
1232 3493 1299 3568 apte
1323 3484 1402 3548 inter·
1424 3505 1456 3548 se
1478 3483 1677 3566 intelligimus

391 3589 572 3672 comparare
599 3607 653 3652 nec
677 3585 807 3651 idonens
832 3609 886 3653 nos
910 3588 1005 3668 lugiet
1027 3608 1146 3652 sensns.
1171 3588 1307 3672 danique
1332 3594 1363 3650 ut
1384 3586 1538 3653 metallum
1558 3587 1675 3652 idcirco

390 3690 469 3774 quod
495 3689 610 3755 valeret
633 3692 661 3754 in
686 3693 838 3776 emptione
863 3694 1009 3755 mercium
1033 3700 1078 3754 est
1100 3693 1214 3755 ‹lietnm
1233 3693 1328 3767 alpos,
1348 3691 1426 3754 idest
1443 3692 1505 3763 lex,
1524 3698 1617 3773 alque
1635 3691 1675 3753 ab

390 3813 488 3878 aequo
509 3795 643 3878 pondere
667 3793 835 3877 phoeniciis
858 3775 939 3895 ΕΝ
958 3847 964 3870 ,
988 3795 1106 3876 graecis
1122 3795 1255 3876 Στατίιρ,
1276 3793 1332 3858 hoc
1348 3803 1395 3857 est
1413 3796 1533 3878 pondus
1551 3801 1597 3856 est
1616 3814 1675 3878 ap-

388 3895 545 3980 pellatum,
569 3897 609 3959 itu
625 3916 643 3960 a
660 3894 772 3959 Latinis
794 3901 914 3976 probino
936 3896 995 3960 diri
1016 3899 1122 3980 potuit,
1140 3899 1220 3981 qnod
1237 3904 1292 3971 est,
1308 3897 1478 3981 probatum,
1498 3897 1674 3978 legitimum.

389 3999 493 4082 ltaque
517 4019 615 4084 nuper
637 4000 665 4062 in
687 4000 821 4084 pondere
840 4001 982 4084 plumbeo
998 4001 1079 4083 qnod
1096 4001 1124 4063 in
1142 4002 1266 4063 lorrnani
1283 4001 1446 4084 amphorae
1462 4005 1526 4063 eral
1542 3998 1674 4062 ellicturn

389 4101 448 4163 vidi
469 4100 652 4187 insculptum
673 4103 846 4166 extantibus
867 4103 971 4166 litteris
989 4109 1100 4187 AEQtl
1119 4109 1243 4179 Sllldffl
1260 4122 1319 4186 apua
1336 4104 1563 4187 comparatione
1581 4123 1675 4187 posse

388 4203 532 4287 explicari
558 4211 630 4286 puto
654 4203 732 4266 istud
759 4210 929 4276 PROBVM
955 4227 1008 4269 seu
1036 4212 1228 4277 l'llloltoht
1255 4206 1283 4268 in
1302 4207 1443 4282 nummis3
1461 4225 1516 4266 nec
1532 4207 1598 4287 cogi
1618 4225 1675 4265 nos

388 4307 547 4371 aestimare
571 4307 653 4370 aliud
677 4327 745 4371 esse
772 4314 949 4380 l'lllssollhl
976 4327 1011 4372 ae
1035 4310 1162 4392 simplex
1185 4309 1377 4372 erroribulnm.
1403 4307 1532 4372 l'erhum
1552 4308 1674 4392 supple,

389 4411 470 4493 quod
487 4407 610 4494 quidem
629 4416 710 4474 certe
727 4411 821 4475 debes
837 4412 867 4474 in
893 4417 1133 4483 ilotchlOM
1158 4409 1409 4486 deserninorunr,
1426 4431 1486 4494 quo
1503 4411 1533 4474 in
1551 4411 1675 4475 rbrnun'o

388 4513 488 4598 placet
510 4513 708 4577 hlonnnsenio
732 4514 898 4579 subaudire
921 4516 1011 4588 cules,
1031 4515 1086 4577 sed
1103 4512 1204 4577 verius
1221 4515 1349 4577 sortasse
1365 4514 1504 4590 addetur,
1521 4512 1674 4579 dedicari·

388 4635 468 4691 mus,
493 4635 546 4679 seu
571 4618 651 4680 eines
675 4617 910 4691 dedicaverunt,
934 4625 967 4681 ul
990 4617 1097 4681 Graeci
1120 4615 1268 4679 ἀνέθηκαν,
