3650 5342
1481 329 1500 369 V

31 519 32 522 a
167 431 336 524 Quaeres
364 459 466 512 nunc
492 431 631 535 quibus
659 459 727 538 ego
754 431 924 537 singulas
953 432 1217 536 inscriptiones
1252 434 1495 515 instruxerim

31 575 33 630 l
122 549 247 651 copiis.
272 550 360 631 Tria
378 549 474 632 mihi
494 563 602 631 erant
620 541 797 647 curanda,
817 553 985 654 primum
1004 564 1047 630 ut
1065 551 1162 632 nihil
1188 552 1339 632 deesset
1364 579 1497 633 eornm

120 695 214 769 quae
243 696 266 748 a
293 669 414 750 doctis
440 669 529 750 viris
558 670 651 752 illita
678 670 819 751 chartis
848 671 1093 773 reperissem,
1122 682 1203 752 tum
1231 672 1262 751 si
1291 670 1382 774 quid
1408 672 1494 752 novi
1554 698 1558 709 ·

123 786 216 866 mihi
246 800 347 869 esset
377 789 627 884 adducerem,
653 790 763 870 tertio
803 789 1116 870 emendationum
1150 790 1315 870 rationes
1353 791 1496 871 darem.

167 907 301 1010 ltaque
328 936 416 989 cum
444 909 706 989 collectionem
737 909 1078 990 mommsenianam
1103 921 1253 990 secutus
1280 910 1365 1007 sim,
1394 909 1495 995 falsis

122 1025 284 1124 omissiS,
313 1026 447 1130 iisque,
474 1055 568 1130 quae
595 1029 643 1107 ad
669 1055 751 1106 rem
780 1054 855 1107 non
884 1027 1062 1121 facerent,
1091 1026 1253 1108 iudicavi
1281 1055 1342 1107 me
1369 1028 1494 1106 omni-

123 1145 188 1224 bus
230 1147 323 1227 satis
365 1148 551 1227 facturum
585 1145 616 1227 si
655 1158 739 1249 post
779 1173 982 1227 numerum
1028 1173 1158 1226 meum
1201 1146 1379 1227 adderem
1422 1173 1496 1250 pa-

122 1264 289 1346 renthesi
328 1265 519 1346 inclusum
556 1287 772 1346 numerum·
795 1264 1170 1360 mommsenianum‚
1204 1264 1495 1346 rithschelianas

30 1453 34 1470 .
122 1384 232 1464 etiam
262 1384 411 1464 tabulas
437 1384 546 1465 citavi
580 1385 718 1488 quibus
747 1384 944 1464 titulorum
973 1382 1035 1462 ille
1063 1386 1119 1464 vir
1145 1384 1276 1464 doctus
1308 1383 1494 1490 imagines

121 1505 421 1607 repraesentavit.
449 1504 547 1585 Nam
575 1504 761 1608 quaedam
791 1531 886 1608 quae
913 1504 978 1583 illo
1006 1505 1044 1584 in
1074 1530 1186 1607 opere
1214 1530 1290 1582 non
1319 1515 1409 1584 sunt
1435 1503 1492 1583 ef-

121 1621 254 1717 fictae,
296 1622 445 1703 duabus
486 1622 625 1703 tabulis
662 1650 732 1727 ego
773 1621 1001 1703 delineanda
1042 1621 1179 1702 curavi.
1208 1621 1386 1726 Syllogen
1414 1648 1491 1701 non

122 1741 339 1822 necessariis
366 1741 609 1822 citationibus
637 1769 843 1847 earumque
870 1741 1033 1844 διακρίσει
1061 1741 1221 1822 obruere
1249 1740 1367 1821 nolui.

165 1861 267 1964 Opus
297 1861 437 1942 tentavi
465 1889 606 1942 novum
634 1861 673 1940 in
701 1887 775 1964 quo
803 1873 953 1964 praeter
980 1888 1098 1941 nexus
1130 1859 1341 1940 litterarum
1375 1859 1490 1939 etiam

120 1984 233 2065 lorma
274 1985 549 2089 exprimeretur
558 2017 569 2082 ;
610 1984 648 2063 in
689 2010 763 2086 quo
791 1983 822 2064 si
850 1982 978 2063 minus
1019 1995 1213 2063 assecutus
1253 2008 1340 2063 sum
1375 2009 1488 2085 quam
1575 2016 1580 2025 ·

119 2131 306 2206 speraram
336 2103 373 2184 id
401 2104 455 2184 rei
483 2101 696 2184 difficultati
732 2129 809 2181 non
846 2129 954 2182 meae
989 2101 1175 2182 voluntati
1212 2101 1357 2182 tribuas
1390 2126 1492 2205 rogo.

119 2221 235 2304 Novas
255 2222 521 2326 inscriptiones
541 2249 636 2325 quae
656 2220 877 2325 prodierunt
896 2220 956 2301 his
983 2219 1164 2324 proximis
1182 2220 1351 2324 quinque
1369 2218 1489 2315 annis,

119 2369 259 2446 exque
291 2342 438 2446 incepta
466 2340 581 2422 editio
608 2354 665 2422 est
693 2341 731 2421 in
760 2339 837 2420 fine
857 2340 1051 2420 addendas
1072 2340 1214 2418 curavi:
1235 2340 1326 2419 item
1346 2363 1489 2418 errores

118 2464 175 2562 qui
193 2461 429 2564 irrepserunt
450 2473 492 2542 ut
509 2460 612 2564 potui
641 2459 852 2541 emendavi.
881 2459 1101 2540 Meminisse
1129 2459 1245 2540 etiam
1264 2469 1409 2560 oportet
1427 2485 1489 2538 me

35 2617 40 2634 ·
117 2581 309 2662 absentem
343 2608 388 2661 ex
415 2579 573 2661 aedibus
601 2579 696 2660 meis
724 2578 983 2669 exturbatum,
1011 2578 1192 2681 omnique
1219 2605 1314 2680 pene
1341 2605 1410 2681 ope
1437 2577 1489 2657 li-

116 2697 266 2779 brorum
299 2699 535 2795 destitutum,
561 2698 678 2778 fuisse
706 2709 877 2777 coactum
905 2723 1183 2801 nonnunquam
1205 2696 1367 2799 perferre
1394 2721 1489 2798 quae

117 2817 215 2898 aliter
243 2846 322 2899 non
352 2817 536 2899 tulissem.

157 2938 310 3018 lndices
338 2962 554 3040 paraveram
582 2948 674 3039 quot
708 2933 799 3015 hnic
824 2935 929 3039 operi
957 2935 1186 3015 necessarios
1214 2933 1313 3013 novi.
1344 2934 1397 3013 Ex
1423 2931 1484 3012 his

115 3083 191 3136 vero
218 3056 395 3161 quinque
424 3067 572 3136 tantum
601 3066 643 3136 nt
669 3055 822 3136 ederem
848 3054 1114 3135 benevolentia
1141 3053 1330 3133 editorum
1364 3052 1486 3156 impe·

113 3178 206 3257 trevi.
229 3178 338 3257 Haeo
362 3177 402 3256 in
420 3187 548 3257 mente
575 3175 716 3256 habeas
743 3175 858 3255 velim
886 3202 934 3254 ne
962 3159 1183 3277 imprudens
1210 3199 1341 3252 ararem
1369 3170 1486 3251 male-

113 3296 195 3376 volis
222 3295 426 3400 praebeas
457 3294 522 3401 qui
556 3295 800 3376 obtrectatori
827 3306 955 3374 erunt:
985 3306 1025 3373 tu
1053 3319 1141 3372 vero
1168 3292 1264 3372 meis
1292 3291 1486 3371 laboribus

112 3412 270 3496 libenter
297 3415 452 3512 fruaris,
481 3415 573 3496 vale.

202 3659 314 3722 Romae,
336 3669 401 3710 xvru
419 3655 467 3710 kal.
487 3655 531 3710 iul.
550 3669 730 3710 uoccctxxvu.
