3650 5342
1434 221 1484 278 395

170 351 262 412 ⁴453.
285 348 324 431 (z
337 351 430 424 titt,
446 346 522 425 LIX,
535 347 573 431 r).
590 387 628 398 -
641 347 756 410 Itomae
771 346 801 409 in
818 345 918 410 insuia
936 344 1076 422 tiberine,
1092 345 1210 410 litterae
1225 351 1296 408 sunt
1314 343 1416 428 operis
1430 361 1497 408 mu·
1529 430 1533 438 „

335 448 392 515 sivi
413 452 445 515 in
468 448 643 536 pavimento
666 449 796 532 signino.

169 625 379 694 euoucnci
406 628 461 692 er
488 625 767 693 nnn-uesriee
793 626 877 695 noui
906 609 1089 691 nurnero
1198 621 1495 690 onumenronn

210 802 316 865 Petrus
340 803 485 866 Hercules
509 800 682 866 Visoontius
700 802 776 864 Baro
791 802 833 865 ita
846 800 986 874 restituit,
1004 807 1036 862 ut
1056 797 1143 863 initio
1166 798 1257 864 fuerit
1277 795 1438 883 scriptum;
1453 795 1497 860 Ex

166 905 342 983 sententia,
372 903 483 968 deinde
513 905 624 969 iactum
653 905 879 970 monimentum.
911 909 947 966 nt
975 903 1173 971 Mommsenio
1206 900 1370 966 absurdum
1399 898 1498 964 visum

168 1014 215 1071 est
235 1007 298 1072 lovi
322 1008 385 1071 tieri
410 1015 647 1083 monumentum,
673 1015 704 1073 et
725 1005 929 1092 supplendum
951 1011 1005 1072 out
1026 1024 1109 1070 arem
1133 1025 1200 1070 cum
1223 1003 1409 1069 monimento
1436 1022 1498 1068 me·

167 1109 245 1187 rito,
269 1117 323 1176 aut
345 1111 473 1176 tortasse
497 1130 556 1175 non
578 1109 760 1194 legendum,
781 1109 955 1185 onimento,
985 1107 1039 1172 sed
1066 1109 1248 1193 pavimento.
1278 1103 1353 1172 Mihi
1380 1104 1500 1170 videtur

166 1213 237 1279 oiim
264 1213 408 1298 scripturn
439 1211 550 1284 inisse,
582 1213 668 1278 dedit
689 1213 728 1279 oh
750 1211 983 1292 monimentom;
1006 1210 1093 1277 loous
1116 1211 1198 1295 oepit
1220 1210 1284 1301 iere
1311 1229 1419 1274 nonem
1451 1205 1500 1272 lit-

167 1325 258 1382 teras.
275 1317 371 1382 Detur
386 1316 425 1381 oh
438 1319 656 1382 monimentum
681 1336 789 1401 nempe
808 1335 862 1401 pro
885 1316 1083 1389 monimento,
1107 1315 1189 1400 quod
1203 1333 1259 1399 pro
1275 1319 1384 1387 statua,
1401 1312 1500 1378 datur.

169 1420 294 1486 Plautus
316 1421 347 1485 in
371 1421 554 1486 Curculione
574 1421 639 1484 hot.
664 1424 692 1495 t,
708 1424 824 1498 tino:
847 1419 964 1504 tepide,
990 1425 1024 1483 ut
1047 1418 1140 1483 solet:
1164 1415 1295 1482 Vineam
1318 1435 1373 1501 pro
1406 1434 1501 1482 aurea

167 1531 268 1589 statua
287 1530 435 1600 statuam,
454 1542 533 1608 quae
559 1530 609 1589 tuo
629 1523 742 1608 gutturi
758 1524 799 1587 sit
813 1523 1039 1589 monimentum.
1055 1521 1227 1586 Deciinetio
1245 1518 1277 1584 in
1293 1541 1337 1582 om
1352 1539 1388 1584 ex
1406 1517 1502 1584 veteri

168 1626 383 1713 orthographia
396 1627 446 1691 hio
463 1647 481 1692 e
496 1627 635 1692 Volcacio
657 1634 830 1691 revocatur.
854 1625 1002 1691 Punctum
1025 1632 1094 1710 post
1113 1632 1120 1696 t
1146 1625 1228 1690 vocis
1250 1621 1366 1689 iurario
1382 1620 1501 1688 videtur

165 1732 318 1816 appictum
342 1749 444 1794 errore
468 1727 621 1795 musivarii
645 1736 675 1792 et
697 1729 942 1794 transferendum
971 1735 1041 1814 post
1070 1728 1145 1792 lovi,
1169 1723 1246 1806 Quis
1268 1727 1307 1792 sit
1338 1723 1388 1791 hio
1419 1723 1501 1792 lovis

167 1831 299 1899 iurarius
322 1852 381 1898 non
404 1834 512 1918 liquet.
537 1831 722 1897 ititscheiius
743 1839 831 1917 putat
860 1832 898 1897 ah
923 1830 1078 1897 Henzenio
1100 1836 1183 1896 recte
1207 1835 1416 1916 comparatum
1432 1846 1501 1895 cum

169 1935 241 2002 love
264 1934 347 2017 ὁρκὶῳ
370 1933 481 2019 (hiena.
505 1934 557 1999 0r.
580 1934 641 2011 ΙΙΙ,
665 1939 758 2010 5633,
780 1935 827 2017 o).

173 2214 264 2276 titt.
284 2246 326 2257 —
347 2210 463 2275 ibidem
486 2210 517 2275 in
539 2229 645 2276 museo
668 2208 815 2276 vaticano.

678 2375 712 2452 Q
733 2400 741 2414 ·
766 2369 998 2437 VOLVSiVS

679 2471 1002 2557 Q·t.·Ni(EPORVS

679 2579 724 2641 tl·
740 2575 920 2644 totusue

680 2684 732 2760 Q·
752 2681 795 2744 Ι·
815 2679 920 2746 tuen

213 2849 379 2933 Descripsi.
405 2883 444 2895 —
466 2846 502 2911 V.
524 2851 542 2911 3
566 2855 590 2920 it
615 2853 662 2913 est
681 2845 772 2911 Vivit.

172 3130 265 3191 titt.
291 3125 454 3210 (=tros).
475 3158 516 3168 -
536 3125 652 3189 Romae
674 3123 783 3209 cippus
805 3121 908 3207 lapide
931 3120 1088 3187 tiburtino.

637 3282 853 3351 contenet
869 3280 1019 3349 decio

745 3385 992 3454 serentium

212 3553 256 3620 Er
278 3555 399 3620 schedis
422 3554 585 3620 Sirmondi.
609 3552 751 3618 Seotores
774 3550 900 3617 serrarii
924 3556 1011 3628 sunt,
1035 3551 1087 3634 qui
1111 3567 1197 3614 serra
1220 3565 1298 3634 opus
1321 3547 1447 3613 iaciunt.

172 3834 265 3896 troo.
288 3873 327 3886 -
349 3831 463 3896 ibidem
487 3833 518 3895 in
541 3848 647 3896 museo
669 3832 819 3895 vaticano.

595 3961 1073 4057 onustorum-nomin

608 4093 769 4161 §suino
794 4123 800 4136 ·
827 4088 1080 4158 morumne

607 4195 810 4365 opppppo
834 4222 842 4239 ·
868 4191 1077 4261 reinerio

214 4462 383 4551 Descripsi.
407 4463 550 4550 Suppiez.
565 4514 592 4529 ..
625 4464 740 4530 homini
763 4462 955 4549 probissumo
978 4480 1138 4528 maxumae
1161 4458 1230 4525 fidei
1249 4460 1363 4546 optimo
1381 4457 1507 4525 teiberto

171 4573 318 4652 patronus
340 4568 421 4632 iecit.
443 4565 560 4634 Scurra
580 4586 748 4649 cognomen
771 4576 828 4631 est.
1357 4592 1359 4598 ’
