3650 5342
307 283 314 295 ι
374 247 422 306 ltili
499 311 501 317 ,
1413 260 1419 269 ’
1562 291 1582 330 .

357 372 444 436 cuius
467 369 589 435 fabulae
612 369 767 434 historiam
791 367 919 436 effictam
943 368 1004 433 ridi
1026 369 1056 432 in
1080 367 1209 452 speculo
1232 377 1353 436 etrusco
1376 369 1540 437 Praeneste
1558 371 1679 445 ellosso,

358 475 388 538 in
418 492 478 558 quo
508 475 616 537 mulier
644 471 747 540 fasciis
776 479 867 558 caput
896 471 977 536 lovis
1006 472 1218 556 constringens
1240 471 1401 556 effingitur.
1437 474 1525 540 l‘artc
1547 475 1678 540 laminae

358 594 465 642 aversa
487 578 504 637 tr
526 577 682 660 inscriptio
705 595 784 661 quae
807 576 877 645 luit,
901 593 972 639 aere
995 574 1138 649 dissecto,
1164 575 1205 639 ita
1226 576 1328 660 periit,
1346 583 1379 640 ut
1398 597 1436 640 ne
1455 578 1539 660 ipsae
1557 578 1679 662 quidem

357 697 469 756 voces,
499 699 627 764 quarum
659 680 804 764 reliquiae
819 683 998 763 superant,
1022 679 1138 741 restitui
1162 684 1227 741 tulo
1250 679 1390 763 possint,
1413 679 1491 744 adeo
1514 686 1547 746 ut
1569 681 1679 744 nimiae

358 780 487 846 fiduciae
511 783 685 866 arguendus
708 783 748 846 sit
770 780 975 856 llitschelius,
999 781 1050 863 qui
1071 797 1100 842 v.
1118 783 1136 842 8
1155 780 1277 864 supplet
1298 787 1478 856 sncttOm.
1501 781 1610 848 Forma
1632 783 1680 848 lit·

356 892 489 950 terarum
513 903 551 950 ea
573 904 642 950 cum
666 886 723 960 sit,
749 905 838 969 quam
861 903 941 969 quae
963 881 1195 967 antiquissima,
1221 884 1277 949 hoc
1301 893 1494 950 monumento
1516 905 1590 950 usus
1612 905 1678 949 sum

357 1005 429 1070 prae
451 988 563 1052 celeris
586 986 618 1051 in
641 989 758 1071 origine
782 988 864 1050 latini
890 984 1045 1070 alphabeti
1067 988 1245 1051 enarranda.

359 1196 428 1256 aaa.
454 1193 594 1276 (ειη).

462 1403 631 1470 <eneces
655 1403 705 1469 (Α
726 1487 729 1492 ¹
877 1399 1060 1485 supplebis,
1086 1401 1129 1464 ait
1151 1400 1352 1473 ttitsctretius,
1375 1399 1481 1463 Enarr.
1500 1399 1561 1464 tab.
1579 1421 1608 1484 p.
1628 1405 1677 1467 90.

836 1508 888 1564 aul
910 1521 978 1565 cnm
1000 1501 1199 1567 Mommsenio
1221 1501 1393 1565 Canistrom
1413 1499 1478 1564 sine
1498 1500 1612 1566 Canum
1629 1501 1677 1566 vel

353 1602 547 1669 Canistellom
569 1602 727 1674 malueris.
751 1612 803 1666 aut
825 1603 946 1668 Caletos
966 1611 1019 1669 aut
1036 1605 1143 1669 (latino
1161 1604 1207 1668 rel
1223 1603 1343 1678 Catillo,
1362 1614 1413 1669 aut
1430 1603 1559 1669 tortasse
1578 1601 1674 1680 Calin,
1768 1640 1771 1647 ·

355 1705 509 1771 Caliculos
532 1705 776 1790 interpretabere
799 1705 837 1770 ad
860 1707 1085 1772 similitudinem
1109 1707 1286 1789 poculorum
1305 1705 1365 1771 tab.
1380 1705 1420 1783 x,
1436 1707 1479 1771 lil
1498 1708 1679 1790 composito-

295 1791 301 1812 ’
357 1828 432 1873 rum.
452 1808 567 1873 Novum
586 1809 695 1872 deinrle
715 1807 957 1894 supplementum
975 1815 1022 1872 est
1037 1810 1193 1894 amplexus
1209 1809 1427 1880 Mommsenius
1445 1816 1556 1894 putans
1571 1828 1677 1877 neces-

354 1911 433 1975 sario
455 1909 503 1975 hic
526 1911 602 1992 duas
626 1911 753 1976 Cereres
776 1912 934 1988 nominari,
957 1915 1089 1977 Cereres
1113 1919 1224 1976 castae.
1247 1913 1343 1978 llliter
1365 1931 1431 1994 ego.
1455 1911 1590 1997 Namque
1608 1931 1676 1975 cum

354 2015 445 2078 menti
469 2013 649 2078 obversetur
671 2011 814 2098 antiquus
837 2033 901 2078 mos
925 2015 962 2078 de
982 2034 1042 2099 quo
1058 2014 1156 2080 Varro
1172 2016 1202 2079 io
1220 2013 1239 2077 Ι.
1257 2014 1311 2078 Vll
1328 2015 1366 2079 de
1384 2015 1466 2087 L.l.,
1482 2019 1532 2091 8l,
1550 2020 1677 2079 testatur

354 2116 385 2179 in
408 2113 525 2208 aliqupt
546 2115 643 2180 sacris
666 2135 702 2180 aa
724 2114 844 2180 sacellis
867 2115 1014 2201 scriptum
1038 2117 1183 2181 haberi«
1209 2136 1246 2181 ne
1269 2118 1343 2200 quid
1361 2123 1513 2182 scorteum
1532 2115 1677 2181 adhibea-

355 2225 403 2282 tur
424 2219 493 2282 ideo
517 2238 553 2284 ne
577 2220 765 2284 morticinum
790 2220 863 2302 quid
887 2218 968 2284 adsit
987 2245 1021 2297 n,
1046 2227 1076 2284 et
1097 2221 1127 2284 in
1150 2227 1239 2304 porta
1260 2221 1415 2302 Anagniae
1438 2221 1583 2305 scriptum
1606 2220 1675 2283 olim

355 2321 460 2397 luerit,
484 2319 575 2386 Sume
598 2330 784 2396 samonium,
809 2329 838 2384 et
860 2323 958 2386 simile
976 2323 1050 2406 quid
1070 2330 1205 2395 moneat,
1225 2324 1357 2387 omnium
1377 2323 1543 2399 sententia,
1563 2322 1675 2388 lamina

358 2423 477 2496 volsca.
508 2423 640 2488 arbitror
669 2423 769 2509 potius
792 2425 820 2486 in
845 2423 958 2488 lamina
980 2423 1051 2491 olim
1074 2426 1241 2510 scriptum.
1266 2423 1394 2498 Cereres
1417 2430 1543 2499 castus,
1566 2443 1674 2509 nempe

355 2525 490 2598 Cereris,
514 2535 547 2590 ut
569 2527 703 2602 Salutes,
727 2526 859 2592 Eronos.
885 2548 939 2613 pro
963 2527 1090 2600 Salutis,
1114 2527 1235 2592 liranis.

340 2734 424 2794 eta.
448 2731 574 2811 [=eou‚
589 2730 688 2806 nell,
705 2733 750 2814 a).
779 2767 815 2778 -
838 2731 950 2794 Tibure
975 2732 1044 2794 olim
1067 2730 1206 2804 inventa,
1230 2748 1310 2794 nunc
1330 2730 1358 2792 in
1378 2747 1483 2793 museo
1500 2725 1673 2812 parisiensi.

461 2935 933 3008 centaurios-trent
1103 2933 1187 3000 llaec
1218 2933 1330 2997 lamina
1360 2933 1513 3016 singulare
1545 2931 1673 3016 praebet

371 3100 372 3104 ,
459 3043 616 3111 ΜΛΠΕ
631 3066 638 3080 ·
652 3044 828 3112 sncttonn
1063 3037 1234 3123 exemplum
1263 3037 1391 3121 duplicis
1420 3032 1673 3120 orthographiae,

1064 3160 1121 3203 non
1145 3139 1331 3224 promiscue,
1354 3146 1384 3204 at
1407 3139 1571 3222 separatim
1589 3135 1675 3203 adhi-
1769 3181 1778 3201 .

460 3207 485 3313 ξ
494 3272 501 3286 ·
516 3247 789 3315 concentus·
803 3249 897 3314 ttfitt·
914 3250 932 3312 Ρ
1060 3243 1149 3305 bitae.
1172 3245 1288 3307 Auctor
1311 3241 1506 3318 Placentius,
1529 3259 1591 3324 quo
1613 3243 1674 3324 prl-

460 3351 619 3417 contre
634 3373 641 3389 ·
657 3352 777 3417 DONV
803 3350 900 3416 neue
1062 3366 1142 3409 mum
1166 3353 1300 3429 tempore
1324 3363 1342 3408 a
1363 3343 1566 3410 declinatione
1584 3343 1614 3406 in
1632 3362 1671 3416 oa,

1064 3469 1107 3509 om
1129 3446 1288 3512 transitum
1312 3456 1358 3511 est
1379 3447 1417 3511 ad
1440 3445 1672 3513 declinationem

354 3553 383 3615 in
406 3571 456 3624 us,
479 3573 498 3610 u
521 3552 567 3614 vel
588 3573 647 3624 arri,
670 3552 787 3616 clntivos
811 3552 915 3614 tertiae
932 3549 1143 3615 declinationis
1158 3550 1248 3614 docet
1270 3549 1370 3615 adhuc
1387 3571 1403 3612 e
1420 3567 1558 3614 seruasse
1577 3567 1631 3633 pro
1649 3549 1670 3615 i.

353 3659 383 3717 et
405 3662 415 3713 ι
438 3654 543 3716 tertiae
574 3653 732 3718 uerborum
763 3671 911 3736 personae
941 3654 1107 3730 omissum3
1140 3672 1176 3716 ne
1200 3653 1267 3737 quis
1291 3672 1326 3717 ea
1349 3652 1387 3716 tle
1409 3669 1503 3717 causa
1526 3647 1671 3714 maiorem

352 3751 560 3838 antiquitatem
585 3755 713 3839 prodere
738 3761 832 3839 putet.

351 3963 422 4024 550.
448 3992 485 4007 -
509 3958 673 4022 Beneuenti
698 3961 778 4044 apud
802 3959 898 4022 virum
923 3959 1052 4024 nobilem
1077 3958 1267 4023 vincentium
1290 3958 1375 4023 Colle
1397 3960 1435 4024 de
1460 3957 1534 4023 Vita.

417 4176 438 4220 ⁸
457 4169 673 4236 eottunnt
691 4176 711 4220 0
848 4163 1036 4228 Delineatam
1051 4162 1132 4228 edidi
1150 4165 1178 4227 in
1198 4165 1276 4228 lliss.
1289 4164 1421 4229 archeol.
1433 4163 1494 4228 vol.
1511 4164 1532 4237 l,
1546 4171 1604 4229 lav,
1618 4161 1670 4236 tx,

456 4270 639 4339 coelicet
723 4255 731 4273 ⁰
806 4273 840 4340 l,
865 4289 892 4350 p.
917 4272 968 4330 er.
1003 4267 1077 4331 Curn
1109 4266 1311 4332 llonerentum
1334 4264 1454 4332 colonia
1477 4266 1609 4331 deducta
1630 4267 1671 4329 sit

416 4381 438 4425 ⁰
496 4375 623 4443 secan
690 4383 710 4424 ⁰
804 4389 883 4434 anno
897 4371 961 4435 urb.
976 4375 1044 4444 tito,
1056 4377 1174 4436 coristat
1189 4370 1313 4436 saeculo
1326 4376 1461 4436 extremo
1474 4371 1578 4456 quinto
1590 4369 1670 4434 hunc

809 4471 926 4536 titulum
948 4472 1150 4556 antiquiorem
1174 4491 1233 4536 uon
1252 4493 1330 4537 csse.
1355 4474 1467 4546 Sacra,
1485 4469 1599 4558 plurali
1616 4490 1674 4535 nu·

350 4583 430 4644 moro
454 4579 543 4658 puto,
570 4575 696 4640 lormnla
719 4574 878 4647 uetustior,
904 4594 995 4659 quam
1019 4592 1156 4649 sacrem,
1182 4594 1313 4639 sacrum.
