3650 5342
1410 267 1441 326 ts

134 394 246 462 llenan'i
269 394 309 474 Q.
333 395 430 462 Marci
453 394 555 480 enipi,
579 393 613 460 C.
638 399 668 458 et
688 393 728 458 hl.
752 391 962 469 Metellorum,
986 389 1119 458 Cornelii
1143 389 1289 468 Sisenes,
1305 392 1345 456 ll.
1361 390 1455 467 Tulli,

135 497 159 562 C.
179 498 308 562 llemmi.
332 499 441 563 Addidi
459 497 505 562 his
521 497 651 583 lapidem
674 497 827 582 pullanum
844 494 972 580 Popilii,
991 501 1022 559 et
1038 494 1178 560 milliaria
1196 482 1278 570 eius,
1295 501 1358 558 tum
1382 494 1457 560 Cor-

134 602 194 665 nelii
218 599 346 687 Hispani
372 601 489 666 tilulum
511 601 564 687 qui
589 601 644 666 tuit
666 606 788 684 praetor
810 619 836 664 a.
853 619 883 662 u.
904 619 930 662 c.
947 603 1019 676 ete,
1041 597 1212 662 milliarium
1235 595 1339 674 Cinae,
1358 598 1455 680 legem

133 705 375 787 repetundarum,
394 712 422 768 et
439 705 606 777 hantinam,
625 709 654 766 ct
673 703 839 784 fragmenta
862 700 962 784 legum
985 702 1092 765 achiis
1109 697 1323 777 Gracchanae,
1341 700 1458 766 titulum

132 805 239 885 launi,
267 805 443 872 milliarium
470 803 604 883 Metelli,
633 805 819 891 epigraphen
843 803 964 890 Apolini
993 806 1077 888 putin
1106 791 1246 879 sacram,
1276 804 1456 869 sententiam

133 909 336 974 llinuciorum.
366 912 399 974 ln
429 909 475 973 his
506 909 691 993 duplicatum
721 907 840 972 invenio
870 907 1054 992 quadragies
1084 911 1149 985 ter,
1180 925 1239 971 non
1270 903 1458 991 duplicatum

132 1010 310 1096 quadragies
336 1033 404 1090 sen,
427 1013 508 1078 uude
538 1013 639 1077 elucet
664 1031 753 1078 usum
775 1017 809 1074 ut
832 1010 912 1086 dixi,
939 1017 970 1074 ct
1000 1008 1250 1074 consuetudinem
1279 1028 1338 1102 nup
1367 1010 1461 1092 gemi-

133 1115 216 1178 nandi
240 1116 378 1180 eamdem
401 1122 431 1178 et
453 1113 626 1198 geminaudi
657 1113 769 1190 luisse,
794 1120 916 1198 totoque
938 1113 996 1177 hoc
1020 1119 1156 1195 tempore
1179 1111 1258 1176 hanc
1280 1109 1457 1177 Latinomm

133 1215 374 1303 orthographiam
391 1217 561 1284 lluctuasec.
586 1215 684 1282 Nolim
701 1215 797 1280 videri
814 1235 973 1282 numerum
997 1222 1110 1280 lantum
1127 1235 1194 1280 esse
1209 1222 1344 1295 secutus;
1360 1222 1461 1300 potest

133 1319 206 1384 enim
228 1318 343 1406 aliquis
366 1327 473 1406 putare
496 1329 698 1386 consonantes
721 1317 868 1384 maturius
891 1317 979 1395 alias,
1002 1318 1077 1383 alias
1092 1316 1190 1382 serius
1206 1316 1345 1404 coepisse
1360 1317 1461 1403 dupli-

134 1421 201 1486 cari.
225 1422 348 1508 Sepono
371 1421 468 1508 igilur
490 1421 673 1501 sibilantem,
690 1429 720 1486 el
737 1428 835 1487 mutas
851 1439 869 1486 a
885 1419 1117 1518 semivocalibus
1133 1439 1252 1506 separo.
1267 1418 1316 1485 viv
1330 1441 1457 1486 summa.

137 1575 321 1644 Sdupllcatur
338 1577 396 1642 XV,
590 1578 678 1628 hlutac
695 1595 721 1639 c,
739 1577 766 1638 d,
780 1595 812 1644 p,
831 1585 840 1626 t
857 1573 997 1643 duplican-
1075 1572 1251 1628 semivocales
1268 1572 1288 1642 s,
1305 1576 1322 1636 l,
1339 1593 1376 1636 m,
1394 1593 1424 1635 n,
1443 1591 1457 1624 r

24 1653 28 1668 ⁸
151 1679 199 1715 nou
218 1661 374 1732 duplicatur
390 1663 472 1713 xvtl.
608 1668 652 1713 tur
669 1663 704 1724 x,
1091 1659 1261 1728 duplicantur
1277 1660 1364 1725 xllx,

608 1762 661 1798 non
679 1745 853 1816 duplicantur
870 1747 957 1801 xlllt.
1091 1761 1144 1797 non
1162 1744 1336 1815 duplicantur
1351 1746 1435 1797 xvtl.

133 1937 246 2004 uranus
269 1935 365 2021 igitur
387 1937 451 2002 sole
474 1934 532 2001 isto
555 1955 644 2020 quem
668 1933 818 2000 cernimus
841 1915 980 2020 apparet,
1002 1905 1172 2001 hacaetale
1188 1955 1280 2021 quam
1296 1937 1460 2000 secundam

132 2051 195 2126 post
225 2039 359 2106 Ennium
386 2038 488 2125 posuit
511 2036 695 2104 llitschelius
717 2038 780 2102 lere
803 2031 975 2124 promiscue
1006 2038 1101 2106 luisse
1129 2039 1317 2125 duplicatum
1343 2046 1375 2104 et
1400 2058 1459 2104 non

132 2143 324 2229 duplicatum.
342 2141 493 2228 siquidem
508 2149 767 2206 monumentorum
784 2140 961 2225 suffragium
977 2141 1079 2206 valere
1095 2141 1241 2219 volumus,
1257 2149 1290 2207 ut
1305 2141 1460 2208 debemus.

170 2244 379 2312 llitscheliana
412 2252 495 2312 aetas
527 2263 618 2330 quam
653 2243 772 2310 tertiam
806 2244 940 2331 appellat
972 2243 1097 2326 triginta
1123 2265 1218 2310 annos
1251 2242 1463 2330 complectitur

131 2349 167 2414 ab
188 2368 215 2414 a.
241 2353 302 2414 fild
327 2349 365 2414 ad
391 2351 461 2412 670.
496 2348 530 2411 ln
555 2367 592 2414 ea
614 2355 788 2412 constanter
810 2345 855 2411 ait
876 2368 944 2413 esse
967 2347 1169 2432 geminatum,
1192 2346 1301 2434 paucis
1324 2345 1461 2432 exceptis

132 2450 270 2539 reliquiis
292 2449 386 2516 moris
408 2449 582 2516 vetustioris
609 2449 652 2532 lin
677 2450 722 2515 tit.
747 2471 868 2516 mumm.
892 2452 940 2534 c).
964 2451 1030 2515 Hoc
1053 2450 1107 2515 ille
1131 2449 1254 2536 quidem
1276 2460 1358 2516 certe
1380 2458 1462 2515 recte

131 2555 292 2642 posuisset,
308 2553 335 2620 si
350 2555 434 2638 leges
450 2552 630 2640 excepisset.
646 2552 766 2619 Nummi
783 2551 863 2618 enim
875 2552 1033 2640 duplicant
1044 2565 1163 2640 semper
1174 2560 1298 2640 praeter
1311 2539 1462 2627 ΜΕΜΙΕΒ

131 2657 179 2744 qui
203 2678 297 2723 cusus
321 2656 451 2722 traditur
476 2655 557 2721 inter
578 2657 633 2722 hus
662 2676 756 2721 annos
780 2659 941 2721 ccv-673.
964 2659 1002 2721 ht
1030 2659 1112 2742 leges
1141 2665 1272 2722 veterem
1302 2663 1464 2722 consuctu-

131 2759 231 2827 dinem
253 2781 314 2826 non
338 2759 512 2844 geminandi
535 2758 633 2844 magis
663 2767 795 2824 servant.
825 2759 886 2824 hex
914 2759 992 2825 enim
1024 2758 1146 2843 agraria
1176 2758 1247 2824 anni
1278 2765 1338 2824 fild
1366 2758 1464 2824 vicies

130 2863 281 2950 duplicat:
304 2861 449 2929 undecies
472 2881 530 2926 non
554 2860 698 2948 duplicat,
723 2869 785 2928 tum
808 2861 856 2926 lex
878 2862 1007 2927 bantioa
1029 2871 1136 2948 quater
1157 2860 1308 2946 duplicat,
1330 2860 1380 2926 bis
1403 2881 1462 2927 non

131 2965 283 3053 duplicat;
307 2965 380 3030 item
404 2967 452 3031 lex
475 2966 712 3050 repetundarum
735 2963 829 3030 vicies
852 2959 945 3030 semel
970 2965 1115 3051 duplicat,
1135 2963 1314 3049 quindecies
1329 2983 1389 3030 non
1409 2965 1464 3030 du·

132 3067 231 3152 plicat.
254 3069 363 3154 ltaque
386 3067 503 3133 ratione
526 3068 676 3133 subducta
697 3065 791 3152 duplo
814 3068 877 3133 lare
899 3067 997 3133 maior
1020 3067 1053 3132 lit
1075 3066 1290 3150 geminantium
1309 3088 1463 3134 numerus.

132 3170 227 3256 leges
249 3170 345 3254 igitur
367 3171 457 3238 huius
481 3169 586 3236 tertiae
616 3168 723 3236 aetatis
753 3189 901 3236 canonem
930 3169 1088 3237 llitschelii
1118 3170 1221 3257 pravis
1249 3171 1356 3237 lullum
1384 3172 1462 3236 male

132 3273 198 3340 talis
221 3273 316 3340 luisse
338 3273 503 3340 declarant.
528 3273 637 3339 Verum
660 3273 801 3338 advertas
823 3273 913 3339 velim
937 3271 1085 3359 hisquae
1114 3275 1217 3355 moqui
1245 3292 1312 3338 cum
1342 3293 1462 3355 agerem

133 3375 168 3438 de
190 3377 220 3440 S.
243 3377 275 3442 C.
299 3375 579 3465 Bacchanaliorum,
603 3376 633 3441 in
656 3375 775 3460 legibus
792 3376 990 3444 vetustiorem
1008 3398 1123 3442 morem
1140 3375 1255 3443 diutius
1275 3396 1343 3442 esse
1358 3382 1461 3440 relen-

134 3484 202 3548 tunr.
225 3500 280 3545 seu
302 3477 406 3566 potins
428 3478 735 3559 lente¹obsolevisse3
758 3501 857 3565 neque
880 3479 911 3544 id
935 3501 1002 3545 esso
1025 3479 1143 3556 mirum,
1167 3500 1236 3546 cum
1258 3479 1415 3544 videamus
1429 3477 1461 3542 in

134 3581 199 3664 lege
219 3581 299 3648 lulia
321 3581 497 3669 municipali
522 3590 543 3656 ξ
567 3603 621 3668 pro
649 3591 655 3654 1
682 3581 855 3650 iamdudum
879 3583 1068 3669 antiquatum
1097 3581 1253 3648 revisisse.
1280 3581 1365 3648 llaec
1394 3602 1460 3647 cum

137 3683 314 3752 llitschelius
337 3707 397 3752 non
422 3684 680 3764 animadverterit,
703 3686 769 3752 iure
791 3684 912 3753 dicetur
934 3687 1071 3752 fallacem
1094 3705 1238 3751 canonem
1257 3684 1461 3772 proposuisse.

723 3924 808 4000 lth.
836 3925 880 4000 Il.

499 4121 535 4166 ue
551 4119 691 4168 anemius
708 4123 736 4166 et
752 4117 969 4167 consonantibus
987 4118 1092 4164 smmis.

180 4299 298 4366 Constat
320 4300 438 4386 priscos
461 4300 583 4367 Latinos
606 4323 702 4389 usque
726 4303 763 4368 ad
787 4303 944 4368 saeculum
968 4301 1012 4367 rei
1033 4321 1063 4386 p.
1081 4299 1242 4386 septimum
1264 4306 1462 4365 consonantes

141 4420 284 4488 uunquam
309 4402 475 4488 aspirasse:
500 4403 685 4490 aspiratione
706 4406 870 4470 utebantur
889 4413 922 4470 ul
936 4405 1080 4492 deinceps
1096 4403 1158 4469 fere
1178 4422 1298 4487 semper
1315 4401 1346 4466 in
1368 4421 1462 4467 voca-

141 4500 214 4570 lihus
235 4505 299 4572 sive
322 4504 411 4572 initio
438 4526 545 4572 vocum
571 4505 636 4573 sive
666 4507 776 4573 medio.
807 4507 905 4573 Fuere
932 4507 1023 4574 etiam
1049 4506 1102 4593 qui
1130 4508 1211 4570 cados
1238 4506 1368 4587 ircosque
1397 4503 1463 4570 sinc

142 4603 236 4674 affiatu
258 4607 407 4687 dicerent,
431 4629 509 4695 quos
532 4609 742 4689 Quintilianus
768 4609 889 4694 (lnstit.
913 4612 936 4688 l,
960 4617 988 4690 5,
1011 4612 1073 4695 20)
1098 4608 1142 4675 ait
1164 4607 1462 4693 propterca‘parcis-
