3650 5342
401 271 433 332 tl

472 402 501 484 e)
526 408 678 475 (ΟΠΙΑ,
702 409 847 478 batilli
871 403 902 467 iu
924 407 1048 488 postica.

557 505 657 588 Caput
679 503 817 570 Herculis
840 506 984 570 imberbis
1006 509 1102 591 spolio
1124 510 1220 574 leonis
1241 518 1367 577 tectam
1391 519 1462 576 nota
1483 515 1668 598 quadrantis.

554 606 655 673 Cornu
678 610 782 694 copia:
807 616 876 672 nota
898 610 1084 694 quadrantis.

516 711 549 776 ln
579 731 684 777 museo
715 711 959 794 Sautaugeliano.
994 713 1073 778 ntibi
1107 723 1181 786 bt,-
1209 717 1329 782 omnino
1359 718 1540 804 quadratum
1568 723 1711 787 cernitur.

432 814 534 878 Lectio
556 820 598 885 (-
615 819 761 892 1,·Α1υ,
785 820 861 879 teste
883 813 1354 894 blommscnio‚’Friedlaendcro
1376 816 1512 886 debetur.

472 918 660 1000 titonia
687 924 840 1004 Q·t·(

559 1022 657 1104 Caput
681 1019 823 1086 Mercurii
847 1029 955 1106 petaso
978 1030 1104 1099 tectum,
1130 1033 1200 1088 nota
1222 1028 1404 1093 sextantis..

558 1123 658 1189 Cornu
682 1124 771 1209 copia
792 1130 824 1188 et
845 1130 917 1189 nota
939 1125 1094 1191 sextantis.
1141 1142 1145 1148 ·

361 1307 366 1320 ι
517 1225 584 1292 Vidi
609 1228 637 1291 in
660 1246 767 1292 museo
790 1229 1005 1311 neapolitano:
1034 1228 1148 1294 ibidem
1177 1232 1261 1296 aliud
1288 1233 1459 1318 exemplum
1482 1243 1529 1301 est
1550 1255 1618 1301 cum
1641 1238 1711 1324 epi·
1743 1281 1746 1284 -

433 1331 548 1417 grapbe
571 1335 730 1407 tauta.
754 1329 928 1394 blionuctus
950 1331 1025 1414 legit
1049 1339 1222 1419 ρ·1,·(,
1247 1334 1417 1419 Magnanus
1440 1347 1493 1425 q·
1507 1345 1532 1409 ΓΙ
1547 1345 1609 1416 ·(,
1630 1339 1707 1405 llic·
1819 1326 1820 1395 ἶ

434 1437 499 1502 cius
524 1441 673 1522 t.·Q·(
1182 1439 1187 1450 ‘

519 1539 615 1602 llncia
636 1535 669 1602 et'
689 1537 847 1604 semuncia
871 1540 1002 1604 nondum
1028 1547 1245 1624 apparuerunt,
1267 1542 1404 1608 semissis
1427 1551 1474 1609 cst
1495 1563 1648 1629 perrarus.

393 1645 443 1706 79.
468 1641 602 1727 (=5ra.)
627 1641 661 1724 a)
685 1647 906 1714 catenata

561 1743 659 1830 Caput
681 1745 775 1820 lonis,
799 1751 870 1810 nota
892 1744 998 1810 librae.

562 1847 701 1926 Fulmen,
724 1847 856 1930 sigilium
880 1846 1010 1921 varium,
1036 1856 1109 1913 nota
1135 1858 1142 1920 t
1169 1850 1273 1916 librae.

522 1953 554 2018 lu
577 1950 776 2017 llircberiauo
799 1957 830 2014 et
852 1951 934 2036 apud
957 1971 1006 2015 me
1028 1952 1142 2036 pendet
1163 1974 1207 2034 gr.
1232 1957 1348 2030 ⁴25⁰,
1374 1959 1480 2032 taso.
1514 2008 1518 2014 .

478 2059 509 2141 b)
533 2061 744 2128 natantia

562 2159 661 2243 Caput
680 2147 754 2224 deae
779 2157 954 2234 Valentius,
978 2165 1049 2222 nota
1071 2159 1218 2224 semissis.

563 2262 682 2347 Duplex
705 2281 801 2326 cornu
823 2261 925 2344 copia,
947 2260 1078 2342 sigillam
1101 2262 1233 2339 varium,
1256 2270 1329 2328 uota
1351 2264 1499 2331 semissis.

521 2368 576 2432 Est
597 2365 678 2452 apud
702 2384 762 2440 me,
787 2363 960 2448 pendetque
983 2383 1026 2446 gr.
1051 2369 1078 2439 l,
1088 2369 1127 2428 ab
1151 2371 1180 2428 et
1203 2363 1234 2428 in
1256 2365 1467 2432 Kircberiano.

479 2471 510 2556 c)
533 2472 752 2542 valentia
1327 2473 1331 2478 ’

564 2575 661 2659 Caput
683 2571 839 2637 Minervae
862 2571 1026 2656 galeatum,
1051 2579 1121 2636 nota
1143 2573 1269 2636 trientis.

566 2677 699 2752 Noctua,
722 2682 795 2740 nota
818 2673 945 2739 triantis.

523 2783 557 2848 ln
579 2778 790 2845 Kircberiano.

479 2886 513 2970 d)
539 2887 755 2957 attentata

566 2985 667 3070 Caput
690 2983 828 3048 Herculis
852 2984 985 3048 barbati.
1009 2984 1106 3069 spolio
1130 2985 1227 3049 lconis
1249 2991 1374 3058 tectum,
1397 2993 1468 3051 nota
1491 2987 1680 3072 quadrantis.

567 3089 685 3174 Duplex
709 3089 811 3166 clava,
834 3087 967 3168 sigillum
990 3088 1122 3162 narium,
1146 3094 1217 3152 nota
1239 3089 1427 3173 quadrantis.

524 3194 579 3258 Est
601 3193 629 3257 in
653 3189 862 3255 lliroberiona.

483 3297 523 3380 al
539 3298 759 3366 ualentia

569 3399 667 3483 Caput
690 3395 804 3461 Dianae
827 3413 894 3459 cum
919 3395 1077 3480 pharetra,
1101 3403 1173 3462 noto
1195 3399 1313 3463 unciae.

569 3501 661 3566 Canis
684 3501 843 3565 venaticus
866 3506 898 3564 et
919 3505 992 3563 nota
1014 3500 1132 3564 unciae.

530 3606 584 3670 Est
605 3605 636 3668 iu
659 3623 765 3670 musco
789 3602 1035 3684 Saulangeliauo.

483 3713 513 3792 f)
537 3713 714 3780 vater...

570 3811 669 3898 Caput
692 3809 832 3874 Mercurii
856 3816 962 3893 petaso
984 3811 1064 3874 alato
1087 3817 1214 3884 tectam,
1238 3829 1316 3893 pone
1340 3817 1410 3875 nota
1433 3809 1609 3876 semunciae
1630 3821 1661 3887 ἱ.

570 3914 746 3989 Cedamus,
771 3913 888 3985 lunula,
912 3917 984 3976 uota
1007 3913 1180 3976 semunciae
1203 3923 1233 3987 ε.

530 4015 597 4082 llidi
622 4019 651 4082 in
676 4035 781 4080 museo
804 4012 1040 4097 Santangeliano
1063 4021 1094 4078 et
1115 4021 1222 4078 stanna
1244 4012 1391 4101 expressi.

529 4119 605 4186 lluic
628 4118 757 4184 similem
781 4117 932 4187 Corellius
955 4117 1015 4180 tab.
1038 4115 1202 4181 cxxcvtt
1226 4135 1297 4180 aere
1319 4116 1444 4195 incidit,
1474 4117 1586 4183 omisso
1613 4123 1719 4205 oppidi

446 4225 564 4290 nomine
588 4229 619 4288 el
639 4229 710 4286 nola
733 4223 907 4286 semunciae
930 4219 963 4284 in
985 4218 1112 4305 postica.

529 4325 722 4390 (lavedonias
745 4323 819 4388 illud
842 4334 860 4399 ῑ
890 4324 1024 4408 posticae
1046 4324 1164 4406 putavit
1184 4342 1253 4398 esse
1276 4330 1441 4388 extremam
1465 4323 1597 4388 nominis
1618 4327 1724 4411 oppidi

392 4469 396 4480 ·
444 4431 588 4518 syllabam
612 4431 688 4494 male
712 4426 850 4493 effictam.
883 4427 969 4490 l’atet
991 4426 1150 4490 Corellium
1173 4432 1256 4490 recte
1278 4428 1486 4510 expressisse,
1509 4425 1626 4512 aliquid
1651 4447 1722 4492 vero

447 4535 580 4600 uetuisse
603 4533 632 4597 in
657 4533 708 4597 illo
732 4519 868 4616 exemplo
892 4531 1013 4596 delectu
1036 4528 1157 4594 metalli.
