3650 5342
353 217 406 281 290

344 343 596 427 4030,,(ε7ἳ6).
618 375 661 394 ·-
681 341 897 426 Fragmentum
922 349 1067 409 tesserae.

937 485 1069 553 Gutus

939 587 1041 654 tuost

959 691 1081 859 QVA
1421 805 1447 848 a.
1472 787 1558 848 693?
1581 787 1667 849 lut?

345 975 436 1034 toul.
459 971 599 1055 (5727).
622 1008 662 1019 -
686 972 801 1036 Romae
824 973 853 1035 in
878 977 1005 1036 tessera.

868 1112 1141 1180 neouuomus

941 1215 1073 1281 esriel

843 1353 847 1360 -
906 1317 1114 1385 sennen

880 1420 1155 1501 unsa-onnes
1453 1471 1456 1480 ,
1545 1434 1574 1480 a.
1596 1413 1670 1480 oso.

386 1564 534 1632 Consules
556 1565 642 1632 luere
664 1566 696 1631 L.
719 1566 864 1632 lllranius
886 1569 920 1632 d.
946 1567 980 1646 l,
1004 1567 1042 1647 Q.
1065 1565 1217 1634 Caecilius
1238 1565 1276 1648 Q.
1299 1567 1318 1633 l.
1344 1565 1483 1634 Metellus
1505 1563 1605 1634 Celer.

349 1775 439 1836 tuae.
457 1771 603 1858 l=7281.
625 1771 723 1837 -ln
746 1780 871 1869 tessera.

944 1881 1072 1974 ltthlo

919 1982 1092 2051 §eunom

920 2065 1103 2151 soloeex

902 2185 1173 2266 muel-Quinto

350 2369 440 2432 toea.
464 2365 600 2451 (Aac).
627 2401 665 2417 -
689 2366 723 2432 ln
748 2375 874 2434 tessera.

878 2509 1138 2577 ruttulovltv

933 2613 1088 2680 ulocltl

880 2715 1153 2784 suno-lxmae

878 2819 1131 2888 otuu-nnete
1496 2835 1523 2882 a.
1547 2836 1577 2882 u.
1599 2818 1672 2884 695.

390 2968 425 3033 C.
448 2968 542 3035 lulius
564 2967 694 3045 Caesar,
717 2969 756 3034 nl.
781 2966 965 3056 Calpurnius
987 2967 1113 3036 Bibulus
1136 2969 1288 3036 consules.

353 3176 444 3237 toll.
470 3173 596 3256 (2603,
629 3169 798 3249 LXXXII).
823 3210 859 3220 -
894 3171 1011 3237 Tabula
1044 3149 1174 3239 Furfane
1207 3180 1344 3260 repertu,
1376 3172 1447 3240 inde
1480 3173 1510 3242 in
1543 3171 1672 3259 Aquilae

451 3279 457 3286 ’
499 3294 635 3339 museum
657 3271 752 3338 illata.

797 3409 929 3480 (Toxlum
950 3409 1009 3462 uide
1027 3410 1055 3462 in
1074 3426 1133 3482 paq.
1151 3411 1226 3480 aeq).

331 3546 334 3552 ·
390 3531 545 3616 Descripsi
570 3537 600 3596 et
621 3527 726 3596 charta
749 3530 895 3616 expressi.
918 3531 1087 3616 Descripsit
1107 3530 1197 3598 etiam
1221 3531 1374 3610 Momms,
1397 3532 1503 3600 charta
1523 3535 1674 3620 expressit

349 3635 510 3711 Bruanius,
533 3633 745 3700 delineandam
768 3633 902 3699 tabulam
926 3632 1043 3700 curavit
1064 3634 1220 3719 ediditque
1236 3633 1429 3710 llilschelius,
1446 3642 1674 3722 tamenpuncta

351 3738 469 3826 trigona
491 3737 599 3802 litteris
623 3744 630 3808 Ι
654 3736 800 3823 imposita
822 3735 945 3820 triginta
967 3745 999 3803 el
1020 3757 1084 3818 seu,
1099 3745 1130 3802 et
1144 3757 1249 3802 crassa
1266 3737 1318 3802 illa
1332 3736 1456 3821 quidem
1472 3738 1593 3825 alteque
1607 3739 1673 3822 ple-

349 3859 479 3926 rumque
501 3836 670 3925 insculpta,
691 3840 793 3923 legere
816 3859 874 3905 uon
897 3848 1046 3906 noverunt
1067 3860 1167 3925 neque
1189 3839 1475 3908 animadverterunt.
1498 3842 1573 3907 Rem
1597 3841 1674 3908 lorle

351 3940 458 4007 miram
482 3961 582 4007 narro.
604 3942 820 4008 llommsenius
843 3939 894 4027 qui
919 3950 1042 4030 ectypos
1064 3941 1222 4008 Bitschelii
1242 3941 1419 4008 chartaceos
1433 3941 1573 4022 irridere,
1588 3945 1673 4010 incu-

352 4063 420 4110 sare
444 4047 617 4130 acriterque
640 4043 783 4110 insectari
806 4043 973 4110 identidem
997 4053 1058 4111 toto
1081 4046 1139 4112 hoc
1169 4064 1261 4131 opere
1288 4046 1384 4123 solet,
1414 4045 1673 4134 llitscheliumque
1723 4037 1731 4056 '

350 4148 512 4230 obiurgare
544 4147 627 4233 quod
659 4146 838 4212 hallucinari
870 4168 903 4214 se
936 4167 969 4214 se
999 4149 1132 4234 patiatur
1164 4167 1256 4234 saepe
1278 4147 1391 4214 chartis
1412 4146 1495 4226 istis,
1525 4149 1674 4216 modoad

349 4249 509 4316 ltitschelii
532 4250 653 4316 chartas
676 4248 822 4331 confugit,
845 4270 902 4336 ope
924 4249 1045 4316 illarum
1068 4257 1151 4318 tutus
1174 4249 1328 4316 affirmans
1350 4249 1404 4316 illa
1426 4259 1537 4336 puncta
1559 4255 1674 4340 optimo

351 4356 417 4420 iure
439 4353 518 4419 inter
540 4373 640 4419 meras
663 4351 918 4420 hallucinationes
943 4373 1040 4434 meas,
1068 4354 1120 4419 illa
1150 4355 1274 4440 inquam
1307 4353 1429 4438 triginta
1460 4374 1529 4432 ser,
1561 4357 1674 4442 optimo
1753 4361 1763 4382 ‘

351 4459 416 4522 iure
432 4477 466 4522 se
480 4458 635 4540 relegasse
651 4476 765 4522 omnes.
781 4456 849 4536 Quo
868 4461 1068 4541 argumento‘.l
1091 4455 1155 4523 Hoc
1178 4477 1294 4544 nempe,
1319 4458 1400 4544 quod
1422 4465 1564 4546 ectypum
1586 4460 1675 4526 ehar-

353 4549 470 4625 tacenm
492 4579 562 4625 cum
591 4561 690 4627 denuo
724 4567 864 4626 accurate
896 4561 1117 4627 examinaverit
1144 4559 1326 4628 ltitsohelius
1355 4559 1428 4627 nihil
1456 4563 1604 4628 invenerit
1635 4565 1673 4631 de
