3650 5342
344 228 395 286 ssa

493 350 519 410 h.
538 346 658 411 Titulus
682 347 848 431 posterior,
871 345 998 413 inducto
1022 345 1139 411 albario
1163 348 1401 432 suprascriptus.

777 505 1051 581 otnttimttlm
1067 515 1075 565 ἰ
1090 506 1255 581 onnam

915 609 1097 683 illinunt!
1113 618 1122 668 t
1136 609 1257 684 niun)

1038 712 1159 789 inat)
1185 715 1254 779 ltili

376 860 533 945 Descripsi
557 861 703 945 edidique
728 861 788 925 tab.
810 860 850 924 vl
869 880 900 925 n.
921 865 939 922 T
958 882 987 946 p.
1007 866 1046 925 66
1063 882 1112 945 op.
1128 862 1179 926 eit.
1203 862 1395 945 Lugendum:
1419 860 1514 925 (lavia
1535 858 1665 924 Teeinia

334 960 456 1029 Voltilia
477 962 576 1029 Marci
597 963 772 1030 hcarceliui
795 964 876 1029 Uxor
897 1000 914 1012 ·
938 965 1126 1049 iterumque:
1145 964 1262 1029 Marcio
1277 962 1481 1041 hearcelinio,
1498 962 1592 1029 Caria
1607 960 1664 1026 lle-

334 1068 422 1131 einea
442 1065 511 1131 heic
533 1066 680 1151 cuhalnh.

284 1328 291 1339 g
337 1260 409 1322 80l.
431 1291 474 1306 —-·
495 1257 616 1324 Titulus
637 1258 733 1323 minio
755 1256 853 1343 pictus
875 1259 906 1322 in
931 1258 1041 1343 tegulis
1063 1258 1146 1323 calce
1168 1256 1263 1322 illitis.
1288 1346 1290 1353 y

885 1415 1175 1515 monumnmn
1202 1416 1301 1483 ona

657 1569 1010 1642 numennumen
1035 1518 1184 1590 ’ἿΟΜ
1210 1518 1301 1685 ’ξξς

379 1768 535 1854 Descripsi
558 1768 702 1855 edidique
726 1767 851 1833 tah.v1
874 1789 903 1832 n.
924 1772 941 1833 3
965 1790 993 1854 p.
1009 1770 1052 1832 st
1076 1788 1127 1854 op.
1151 1768 1203 1831 cit.
1226 1766 1314 1832 Titus
1336 1765 1547 1831 hearcelinius
1568 1764 1665 1829 lilarci

337 1870 432 1947 lilius,
457 1871 594 1958 poplilia.
618 1871 784 1936 Petronius
807 1868 937 1936 Cesouis
960 1870 1048 1935 lilius,
1080 1868 1133 1933 Sic
1156 1870 1186 1933 in
1208 1868 1290 1933 Diss.
1312 1870 1364 1935 cil.
1387 1867 1549 1951 legendum
1572 1866 1663 1941 duxi,

338 1994 407 2039 cum
427 1974 516 2038 aliter
533 1981 624 2038 antea
640 1972 784 2057 legissem
803 1973 944 2055 neglecto
959 1979 1075 2058 puncto
1092 1979 1160 2057 post
1173 1970 1218 2036 Fi.
1241 1973 1305 2057 Pup
1322 1991 1380 2036 non
1396 1990 1464 2035 esse
1478 1988 1664 2055 praenomen

340 2074 477 2141 Petronii
507 2078 644 2142 declarat
674 2078 780 2155 locus,
809 2074 1030 2160 orthographia
1059 2081 1151 2159 atque
1181 2074 1403 2159 paleographia
1424 2072 1517 2138 huius
1540 2070 1667 2137 secundi

340 2178 429 2244 tituli.
452 2180 668 2255 Praenomina,
691 2197 759 2243 raro
781 2178 867 2256 licet,
892 2186 992 2244 lamen
1008 2177 1175 2262 aliquando
1191 2174 1307 2242 omissa
1322 2182 1403 2242 sunt.
1424 2174 1469 2240 Eo
1485 2182 1567 2239 certe
1584 2181 1668 2239 earet

339 2303 367 2347 n.
392 2288 448 2347 hil
476 2288 664 2356 (ΑΜΕΗΟ
680 2310 688 2326 ·
705 2289 732 2353 Ν
749 2286 792 2354 ·t
815 2289 846 2347 et
867 2284 898 2345 in
921 2282 1053 2347 nummis
1076 2280 1258 2344 lamiliarum
1280 2300 1309 2344 ns
1334 2284 1395 2344 lii
1418 2282 1586 2351 APRPS.

343 2473 417 2535 805.
441 2506 483 2517 -
505 2468 626 2535 Titulus
649 2470 679 2534 in
702 2468 815 2553 tegulis
837 2468 922 2534 ealce
943 2468 1027 2532 illitis
1049 2468 1142 2533 minio
1164 2468 1274 2551 pictus.
1362 2554 1365 2561 Δ

903 2626 981 2699 tntu
991 2626 1050 2696 iil)
1063 2648 1071 2665 ·
1086 2627 1107 2691 ol

382 2793 541 2880 Descripsi
564 2792 711 2877 edidique
735 2792 796 2856 tuh.
815 2790 857 2855 vl
875 2812 904 2855 n.
927 2796 943 2855 l
963 2812 993 2877 p.
1012 2792 1052 2854 67
1072 2809 1121 2876 op.
1139 2790 1190 2853 cit.
1212 2789 1425 2864 Detlelsenus‚
1448 2786 1501 2873 qui
1524 2795 1543 2861 q
1569 2790 1667 2873 accipi

339 2895 438 2963 voluit
459 2896 528 2961 luco
553 2903 574 2968 Β
597 2897 746 2981 scriptum
769 2913 788 2958 a
808 2892 958 2970 Faliscis,
981 2894 1039 2960 hoe
1061 2890 1202 2977 exemplo
1220 2892 1387 2972 refutatur:
1407 2908 1478 2955 nam
1498 2890 1605 2978 Clipea
1623 2899 1669 2955 est

339 3019 400 3064 nou
424 2998 531 3064 Clibea
551 2998 583 3062 in
606 2996 781 3083 epigraphis
802 2997 898 3061 latine
921 2996 1051 3082 scriptis.
1084 2994 1171 3060 hdde
1195 2999 1369 3073 noeane,
1396 2998 1666 3074 ravennnae),

339 3104 422 3189 quod
437 3100 507 3167 olim
526 3100 677 3187 prolatum
694 3100 815 3176 Bretod,
829 3099 1021 3164 Cuncabtum
1034 3106 1147 3163 temere
1159 3098 1289 3163 diceres.
1302 3098 1398 3181 hege:
1410 3096 1524 3163 Luciae
1538 3096 1664 3181 Clipiae.

331 3297 412 3397 Ι806.
437 3290 564 3372 (=l3tt
578 3289 598 3372 ).
620 3308 661 3335 -’-
684 3286 807 3352 Titulus
830 3288 923 3352 minio
946 3289 1047 3373 pictus
1070 3288 1099 3349 in
1125 3287 1238 3370 tegulis
1260 3287 1345 3350 ealce
1367 3284 1462 3350 illitis.

554 3442 800 3514 (·<Ι.ΙΡΕΑΙ·
976 3446 1066 3514 rtet<
1199 3444 1468 3511 ΡΙ.ΕΝΕ8·Ω·Ρ

550 3549 884 3618 tuamensem
973 3549 1109 3617 (vans

552 3653 687 3722 SOREX
705 3655 780 3720 ·0.·
795 3653 869 3719 (llll

382 3821 538 3903 Descripsi
562 3818 707 3904 edidique
731 3818 793 3883 tuh.
816 3816 859 3882 VI
881 3838 910 3881 n.
934 3823 953 3882 5
977 3840 1006 3904 p.
1031 3820 1081 3881 67.
1103 3817 1204 3899 Lege:
1230 3815 1262 3881 C.
1285 3814 1411 3900 Clipeae
1435 3815 1549 3898 (duae),
1573 3816 1669 3881 Marci

340 3924 442 3999 liliae,
464 3924 600 3999 hrucua,
625 3920 742 3998 Socer,
767 3920 983 4004 Quinetusque
1005 3920 1138 3993 Plenes,
1162 3917 1286 3997 Quincti
1310 3917 1412 3994 lilius,
1436 3915 1503 3981 heic
1526 3918 1671 4003 euhulnlt.

341 4027 450 4091 Plenes
477 4010 583 4090 casum
612 4024 739 4090 luctasse
768 4022 928 4109 obliquum
951 4030 1037 4106 putat
1057 4021 1196 4085 Momms.
1229 4020 1340 4085 Plenas
1362 4017 1437 4084 mihi
1458 4018 1539 4085 idem
1563 4028 1609 4087 est
1631 4041 1668 4087 ac

342 4126 488 4204 Plenius,
510 4133 546 4191 ut
567 4125 719 4190 Petrunes
741 4131 788 4191 est
809 4124 981 4190 Petronius.
1016 4122 1082 4188 Hac
1112 4121 1318 4187 declinatione
1340 4119 1414 4186 Osci
1436 4128 1529 4205 atque
1550 4122 1669 4189 Etrusci

344 4232 389 4295 usi
413 4237 501 4307 sunt,
525 4228 607 4293 ethi
631 4229 757 4312 quidem
782 4227 904 4309 sublata
922 4249 936 4290 r
953 4225 1036 4291 finali
1060 4227 1168 4303 littera,
1192 4226 1279 4289 cuius
1301 4223 1441 4309 exempla
1458 4230 1529 4287 sunt
1546 4228 1670 4306 generis

342 4334 414 4400 item
438 4330 600 4398 masculini
622 4331 741 4408 ilatile,
764 4329 890 4395 Pahate.
912 4326 1072 4401 llaracna,
1096 4328 1192 4393 Sorcx
1216 4328 1397 4410 cognomina
1413 4324 1573 4390 mulierum
1589 4337 1670 4402 sunt,

342 4430 386 4501 et'
402 4436 481 4511 Sus,
512 4435 595 4520 quod
623 4434 711 4500 retuli
742 4452 846 4518 supra.
880 4431 927 4495 De
949 4430 997 4495 his
1020 4429 1137 4506 Varro,
1162 4438 1195 4495 ul
1218 4428 1407 4515 antiquatis,
1430 4435 1522 4511 pulo.
1546 4428 1670 4515 scripsit

343 4538 429 4618 (hh.
451 4537 511 4615 lx,
535 4538 609 4621 ihi:
633 4536 889 4621 Quotusquisque
910 4534 971 4599 iam
993 4552 1100 4599 servos
1122 4532 1215 4598 hahet
1237 4533 1348 4618 priscis
1371 4530 1566 4596 nominihus?
