3650 5342
360 273 393 330 72

513 394 604 461 Canis
627 398 656 461 in
679 417 712 462 se
734 399 916 464 convolutus
938 399 1064 464 cubans.

472 498 614 564 litteram
637 499 821 586 singularem
847 507 865 574 le
892 520 985 586 quarn
1008 520 1096 565 namn
1119 499 1266 564 haetenus
1288 506 1591 585 repraesentaverat,
1615 499 1674 563 du·

388 599 520 686 dumque
544 609 738 679 notaveram,
761 623 858 688 nuper
881 604 1027 668 indicavit
1048 602 1117 666 Dux
1140 603 1179 668 dc
1201 603 1311 668 Blacas
1337 601 1433 685 (llist.
1456 603 1494 667 de
1516 603 1547 667 la
1568 621 1672 667 mnnu.

387 723 461 770 rum.
481 705 511 780 l,
532 705 614 790 355)
638 705 759 771 duobus
781 705 1008 791 exemplaribus
1029 726 1085 772 sun
1108 712 1138 769 at
1159 704 1332 770 llntlmanui
1357 707 1555 788 negotiatoris
1581 705 1672 792 periti

388 806 598 872 numismatici.

430 908 459 991 b)
488 916 511 980 Η
538 916 561 980 Η
587 908 684 973 videri
702 911 815 975 inesse
831 911 1082 993 Santangeliann,
1105 911 1208 996 ibique
1232 911 1291 994 tegi
1311 915 1331 980 l
1354 909 1486 976 affirmat
1503 909 1673 986 Finrellius,

385 1018 494 1094 elego
518 1009 589 1074 vidi.
611 1012 644 1074 ln
668 1013 763 1078 altero
786 1012 926 1098 exemplo
949 1021 1053 1078 extare
1075 1013 1203 1098 simplex
1229 1021 1268 1083 tt.
1293 1013 1374 1077 idem
1399 1019 1490 1078 nutat.

470 1113 665 1199 Epigrapben
688 1117 849 1200 repetitam
866 1115 995 1204 praebet
1012 1116 1120 1181 unicus
1140 1123 1255 1192 noster,
1274 1117 1462 1194 ululatur,
1481 1135 1610 1199 eamque
1627 1135 1675 1181 re-

386 1217 557 1298 trogradam
580 1217 619 1283 ab
644 1236 704 1282 una
726 1226 830 1303 parte,
854 1219 892 1284 ab
916 1220 1012 1283 altera
1034 1239 1117 1283 more
1139 1218 1233 1283 latinn
1253 1219 1291 1283 ad
1310 1219 1463 1284 sinistram
1481 1237 1671 1284 conversam.

426 1320 456 1403 a)
483 1319 571 1384 Extat
599 1321 677 1386 assis
707 1322 898 1404 cqmmunis,
928 1323 1007 1407 lypis
1033 1319 1203 1395 similibus,
1230 1322 1337 1388 sedin
1360 1321 1671 1386 anticatantumin-

384 1421 515 1507 scriptus
541 1429 625 1495 ΗΑΤ
648 1425 678 1487 in
702 1425 821 1507 postica
843 1443 917 1490 vern
941 1423 1036 1489 babet
1056 1432 1158 1490 notam
1181 1424 1277 1488 librae
1301 1433 1320 1496 t.
1349 1423 1467 1490 Pendet
1489 1431 1594 1490 noster
1615 1422 1670 1509 qui

388 1531 433 1588 est
455 1525 485 1590 in
508 1524 709 1591 llircben'ano
730 1528 838 1592 uncias
861 1548 936 1593 rnm.
959 1526 1028 1592 xlv
1049 1529 1153 1592 semis.

427 1627 463 1711 d)
491 1634 574 1701 ΗΑΤ
597 1629 628 1694 in
652 1631 762 1695 antica.

513 1729 612 1817 Caput
639 1731 787 1800 Medusae
813 1734 897 1799 velut
919 1755 956 1799 er
978 1732 1128 1799 conchilia
1153 1733 1306 1797 turbinata
1328 1739 1454 1807 aruns,
1477 1742 1569 1818 atque
1591 1734 1674 1798 circa

553 1834 664 1898 collum
688 1836 779 1921 spiris
803 1836 989 1916 involutum,
1013 1835 1150 1905 crinibus
1173 1835 1314 1901 remulsis
1336 1837 1527 1921 sparsisque:
1551 1854 1621 1903 rara
1642 1836 1673 1899 in

553 1954 628 2002 area
651 1945 723 2003 nuta
747 1943 775 2008 5.

510 2039 646 2122 Pegasus
669 2048 699 2105 et
721 2049 792 2107 nuta
814 2041 1008 2126 quincuncis.

469 2141 588 2227 lluplici
612 2142 698 2227 signo
722 2151 872 2220 notatum,
896 2145 1030 2210 semissis
1049 2164 1158 2229 nempe
1177 2153 1207 2208 et
1225 2142 1406 2228 quincuncis
1424 2143 1516 2209 babet
1533 2162 1671 2209 museum

383 2244 645 2321 Surriccbiorum,
669 2253 752 2312 certa
774 2248 958 2330 genuinum,
982 2255 1058 2312 teste
1081 2246 1225 2311 Gabriele
1242 2246 1444 2322 Cherubinin‚
1466 2243 1557 2311 cuius
1580 2245 1674 2310 rerba

380 2345 478 2412 relero
502 2366 539 2428 ex
562 2349 694 2435 epistola
710 2369 808 2433 nuper
823 2352 926 2432 adme
941 2352 1070 2434 scripta:
1098 2375 1113 2409 n
1131 2350 1163 2414 Si
1183 2351 1258 2414 vade
1276 2352 1515 2434 spiccalamentc
1533 2365 1626 2432 snpra
1642 2349 1673 2412 la

384 2455 462 2514 testa
484 2448 648 2516 lamminile
671 2451 701 2515 la
722 2452 815 2535 sigla3
838 2452 875 2516 ed
899 2451 920 2516 il
943 2450 1119 2537 quincunce
1141 2458 1158 2516 e
1182 2451 1211 2515 di
1234 2459 1260 2516 st
1282 2453 1412 2537 perletta
1433 2451 1673 2517 conservacione

381 2554 438 2617 cn'n
461 2551 564 2637 patina
585 2555 777 2619 lucidissima
798 2563 937 2620 nerastra
958 2556 998 2619 da
1021 2575 1081 2620 nnn
1104 2556 1158 2620 dar
1180 2558 1270 2639 lungo
1294 2554 1332 2620 ad
1350 2555 1438 2624 alenn
1458 2552 1574 2619 dubbiu
1590 2553 1674 2618 sulla

381 2673 438 2720 sna
460 2655 604 2721 anticbita
626 2682 655 2721 n.
679 2655 841 2735 Quincuax
864 2659 963 2723 estin
986 2657 1188 2723 llircbcrianu
1210 2656 1393 2743 pendetque
1409 2656 1517 2724 uncias
1539 2664 1669 2744 septem.

423 2759 452 2842 a)
479 2764 563 2831 ΗΑΤ
586 2759 617 2823 in
640 2761 769 2846 postica.

510 2860 608 2949 Capul
635 2863 785 2929 muliebre
809 2870 842 2930 nt
863 2865 982 2931 videtur
1003 2863 1141 2929 crinibus
1164 2863 1202 2929 ad
1224 2864 1374 2929 cervicem
1398 2863 1523 2938 solutis,
1547 2870 1673 2928 etanta
1756 2907 1769 2930 .

553 2963 684 3033 trientis.

454 3065 456 3072 ’
509 3067 571 3133 Vas
594 3076 733 3134 ansatum
756 3071 787 3133 in
812 3091 872 3155 qno
897 3070 985 3136 labae
1008 3071 1127 3154 planta,
1150 3076 1184 3134 ut
1204 3069 1334 3134 videtur.

466 3169 519 3233 Est
541 3169 573 3234 in
597 3170 799 3238 llircberianu
822 3173 997 3258 pendetque
1020 3174 1127 3238 uncias
1151 3177 1185 3246 n,
1209 3174 1352 3238 denarios
1374 3178 1457 3249 octo,
1481 3172 1581 3236 semis.

422 3273 453 3356 s)
481 3279 567 3345 ΗΑΤ
588 3274 619 3337 in
642 3273 768 3359 postica.

507 3376 593 3441 llana
616 3377 777 3462 piscatrix,
800 3377 929 3443 Graecis
949 3376 1102 3462 Βάτραχος
1122 3380 1236 3454 ἁλιεύς,
1260 3386 1290 3442 et
1313 3384 1386 3442 nuta
1408 3377 1596 3462 quadrantis.

509 3477 650 3564 Delphin.

433 3565 446 3574 ”
464 3579 517 3644 Est
538 3579 570 3644 in
593 3581 795 3669 llircheriqnn
818 3582 991 3668 pendetque
1014 3586 1120 3648 uncias
1142 3593 1205 3648 tres
1228 3585 1327 3646 sennis.

421 3685 457 3766 9)
483 3688 570 3754 ΤΑΗ
596 3685 626 3749 in
649 3685 775 3768 postica.

505 3786 612 3850 Gallus
636 3787 795 3870 (gallinam
819 3786 895 3852 dixit
917 3785 1129 3873 Carednnius)
1153 3797 1182 3853 et
1205 3798 1277 3854 nota
1299 3791 1456 3854 sextantis.

506 3886 644 3954 Calceus.

465 3990 497 4054 ln
522 3990 724 4058 Kircberiann
747 3994 861 4076 pendet
884 4013 953 4058 unc.
979 3999 990 4056 t
1019 4001 1048 4058 et
1071 3993 1140 4066 deu.
1165 3998 1204 4057 22
1227 3992 1321 4058 semis
1344 3995 1442 4058 librae
1467 4013 1620 4059 ramanae.

421 4095 455 4174 d)
484 4099 569 4164 ΤΑΗ
594 4095 624 4158 iu
648 4097 775 4178 postica.

505 4198 633 4262 Ancora.

506 4299 582 4364 Nota
604 4299 724 4364 unciae.

391 4405 393 4410 '
464 4401 496 4464 ln
521 4401 721 4468 llircberiann
744 4405 856 4488 pendet
878 4423 946 4468 unc.
970 4412 999 4468 et
1022 4405 1091 4469 den.
1115 4410 1142 4467 5.

419 4503 445 4586 t)
472 4510 495 4574 Η
521 4507 550 4568 in
573 4507 693 4584 antica,
718 4511 743 4576 Α
769 4507 799 4570 in
823 4507 954 4591 postica,
977 4514 1007 4570 ct
1031 4513 1103 4572 nota
1124 4509 1297 4572 semunciae
1321 4519 1350 4584 ξ.

340 4691 345 4700 .
461 4607 493 4670 ln
519 4604 717 4673 llircberiano
740 4608 852 4694 pendet
874 4608 1018 4674 denarius
1040 4610 1185 4674 tredecim
1210 4618 1239 4674 et
1262 4613 1361 4676 semis.
