3650 5342
1289 71 1306 108 δ

1427 251 1475 309 113

168 379 288 444 latinam
311 380 444 462 linguam
469 379 603 464 proxime
628 375 758 443 accedit
781 378 833 441 Sic
856 396 927 441 vero
946 376 1038 440 131133
1057 376 1217 458 legendam
1236 383 1325 459 poto:
1349 373 1488 446 Paccius.

167 482 242 547 Vibii
272 481 374 554 111133,
404 482 575 552 Pacuvius,
604 481 748 554 lleddir,
777 480 915 544 Vesunee
939 481 1050 545 donum
1074 481 1166 544 dedit.
1200 477 1311 542 Canius
1334 476 1489 542 Cominius

166 584 320 652 Centurio.
352 585 385 647 ln
411 581 499 648 tertio
522 603 612 648 versu
634 582 728 650 Cetur
751 583 968 666 interpretatus
990 602 1057 648 sum
1080 580 1193 646 collato
1215 581 1302 644 titolo
1324 577 1383 645 rici
1406 580 1489 665 3331-

167 688 261 764 33113,
283 689 315 750 13
338 706 399 770 quo
422 685 482 750 rici
506 693 687 770 quaestores
710 684 921 761 nominantur,
945 684 1065 750 sublato
1088 682 1211 750 omnino
1235 684 1328 748 verbo
1351 681 1488 757 curavit,

167 792 249 876 quod
270 791 300 854 in
324 779 477 854 similibus
501 787 598 854 titulis
621 789 690 854 addi
713 789 801 854 solet.
825 787 939 854 Nomen
963 786 1178 871 magistratus,
1200 787 1249 850 bic
1272 792 1320 850 est
1341 783 1488 850 centurio.

168 893 202 958 ln
231 895 297 958 vico
324 892 464 978 33313313
487 910 558 956 3333
581 910 618 956 33
641 911 767 957 munere
790 891 958 974 iunguntur
980 896 1179 976 quaestores,
1201 888 1318 964 3111333,
1341 885 1486 963 Faleriis,

167 989 302 1079 alibique
326 994 462 1077 magistri
485 1001 641 1060 vocantur.
666 993 780 1059 Cantor
802 1013 875 1060 caso
898 1000 982 1058 recto
1000 1012 1055 1078 pro
1073 991 1220 1058 Centurio
1238 992 1309 1056 olim
1323 988 1436 1057 dictum
1453 1009 1490 1054 ex

166 1097 310 1181 analogia
331 1117 434 1173 sumo,
457 1096 569 1162 collato
592 1099 714 1163 nomine
734 1097 853 1172 Decor,
876 1097 958 1182 quod
981 1116 1037 1180 pro
1060 1094 1193 1160 Decurio
1216 1096 1287 1159 olim
1310 1101 1488 1178 usurpatum

166 1198 255 1266 tradit
276 1199 395 1266 Festos.
418 1199 536 1264 Dunom
560 1218 615 1282 pro
639 1198 757 1265 Donum
780 1197 859 1264 redit
880 1197 910 1264 io
933 1196 1038 1283 lapide
1060 1197 1244 1263 oarelliaoo.

765 1429 884 1483 nontam.

167 1623 237 1682 333.
257 1653 294 1666 -
313 1619 411 1681 nonus
424 1569 460 1680 n‘
468 1615 640 1700 Aequicolis
657 1615 708 1680 uni
721 1616 862 1680 invenus
875 1614 1013 1698 esttapis
1026 1613 1242 1678 noerolium
1254 1614 1357 1678 roro
1370 1614 1486 1699 Tagtia.

274 1823 823 1894 tao-(ntaonnuosuesnmeuo
994 1817 1085 1883 Dedit
1107 1818 1272 1885 Caietanus
1293 1819 1417 1885 Riccios
1436 1823 1487 1909 qui

275 1930 323 1998 lSS
342 1954 349 1970 ·
365 1928 473 1996 Tnttt
494 1951 501 1966 ·
519 1929 651 1996 8Τ11ΤΕ
666 1949 673 1965 ·
688 1931 732 1994 lut
748 1949 758 1978 1
776 1927 824 1994 DD
953 1921 1125 2007 descripsit.
1146 1922 1238 1987 Tituli
1252 1922 1381 1989 termula
1395 1923 1488 1991 latina

953 2031 1017 2098 est,
1034 2032 1066 2089 31
1084 2025 1215 2091 dialecto
1229 2024 1323 2090 131133
1337 2029 1485 2111 aequico-

167 2131 261 2198 lorom
283 2128 436 2204 scribitur,
460 2147 539 2212 quae
562 2129 599 2194 ad
622 2128 745 2194 latinam
769 2127 955 2195 lntinatium
974 2128 1101 2194 accedit.
1125 2129 1221 2211 Lege:
1241 2129 1385 2204 Poblius,
1403 2129 1487 2200 Canii

167 2232 264 2310 bitus,
287 2231 484 2317 Pompusius,
508 2231 628 2296 bleddir
652 2231 745 2304 latii,
769 2231 875 2298 Statae
898 2231 987 2295 blatii
1009 2231 1124 2296 donum
1145 2231 1237 2297 dedit
1258 2233 1293 2298 lo
1312 2232 1488 2318 Aequicolis

166 2344 284 2422 practer
312 2333 485 2401 Cliterniam
516 2343 545 2398 et
574 2354 665 2419 quam
696 2331 838 2418 Virgilius
866 2333 1046 2400 memoravit
1066 2334 1214 2410 11333333,
1235 2335 1487 2420 confirmavitque

167 2439 242 2526 lapis
265 2458 369 2518 oscus,
392 2437 521 2502 innotuit
544 2435 739 2522 municipium
762 2438 930 2522 Aequicum
953 2458 989 2500 ex
1012 2437 1114 2523 lapide
1135 2436 1245 2502 aetatis
1263 2437 1487 2524 imperatoriae,

168 2561 257 2628 qoem
281 2539 453 2623 331333113
478 2559 611 2604 monum.
635 2537 784 2622 aequicol.
813 2563 827 2598 o
849 2540 874 2601 ll
898 2534 1043 2605 Ci‘colano
1068 2566 1095 2610 3.
1116 2541 1251 2606 decedat
1271 2561 1353 2607 nune
1371 2551 1489 2628 oportet
1566 2531 1572 2550 '

167 2642 304 2720 Talium,
328 2646 356 2708 in
378 2663 440 2729 qua
462 2643 537 2708 urbe
561 2642 693 2718 meddir,
717 2640 867 2707 Oscorum
891 2640 1016 2724 lingua,
1040 2644 1232 2726 magistratus
1256 2632 1365 2709 som'mi
1387 2647 1500 2710 locum'

169 2756 256 2812 tenet.
292 2747 387 2812 113133
407 2745 494 2812 81313
516 2765 569 2809 333
592 2745 704 2817 Vesta,
729 2744 870 2829 religiose
893 2747 932 2810 ab
957 2744 1132 2830 Aequicolis
1155 2747 1238 2812 culta
1259 2755 1315 2813 est.
1349 2747 1487 2820 Poblium

167 2869 351 2936 praenomen
375 2847 419 2912 sie
442 2848 605 2934 aliquando
627 2847 808 2912 imminuunt
829 2853 950 2912 veteres
968 2853 1000 2912 ut
1015 2847 1163 2931 integram
1178 2849 1325 2936 syllabam
1352 2856 1408 2923 ΡΟ
1432 2871 1487 2935 333

167 2953 265 3020 littera
287 2950 434 3036 singulari
460 2958 480 3022 Ρ
503 2950 654 3016 scribant:
677 2949 765 3016 cuius
789 2949 880 3016 moris
903 2950 1046 3038 exempla
1063 2951 1136 3016 alibi
1155 2952 1275 3034 collegi.
1298 2953 1487 3038 Pompusiies

168 3054 303 3142 duplicat
326 3057 337 3115 i
358 3053 396 3118 de
418 3073 479 3140 qua
501 3053 719 3135 orthographia
736 3054 784 3136 egi
803 3052 834 3116 in
849 3052 1084 3138 prolegomenis.
1109 3053 1154 3119 Ea
1170 3056 1215 3119 osi
1232 3061 1302 3120 sont
1316 3053 1390 3122 Osci
1406 3076 1487 3120 eam·

170 3160 257 3243 peni,
285 3158 374 3222 cuius
405 3155 574 3242 exemplum
604 3155 790 3222 luculentum
813 3157 865 3220 dat
887 3155 1043 3242 inscriptio
1066 3156 1193 3241 graphio
1216 3165 1318 3222 331313
1341 3161 1371 3222 13
1394 3179 1485 3234 3333,

169 3281 259 3345 quam
282 3257 434 3325 delineari
456 3257 528 3324 milii
551 3258 692 3344 Neapoli3
716 3259 811 3326 edidit
832 3278 905 3324 3333
927 3259 1143 3324 llioervinios:

559 3467 1088 3556 ·mur·rauaqnn)·eaonur

169 3671 307 3745 Scilicet,
332 3670 577 3736 Lucii.llnaerii
593 3719 598 3734 .
613 3670 695 3732 Sum.
721 3705 736 3716 -
760 3667 836 3732 Talii
861 3667 1015 3752 genitivos
1036 3678 1082 3735 est
1106 3690 1144 3735 ex
1168 3673 1351 3737 nominatis-o
1374 3671 1403 3736 in
1427 3627 1488 3738 1331

39 3843 43 3853 ,
167 3781 269 3839 33133;
294 3771 478 3838 111133131133
500 3778 569 3857 3331
593 3791 748 3854 magnam,
772 3791 862 3856 quem
886 3770 954 3857 1333
976 3779 1068 3838 33331
1088 3773 1217 3839 Bentleii
1241 3775 1396 3849 virtutem,
1419 3793 1489 3859 pro

167 3877 292 3948 nuntiat,
306 3876 344 3940 de
361 3874 470 3940 declin.
487 3875 610 3940 recood.
626 3896 654 3960 3.
673 3877 723 3950 17,
751 3897 765 3934 a
781 3875 1038 3941 substantivorum
1057 3877 1086 3940 io
1103 3879 1149 3940 ina
1163 3884 1195 3943 et
1210 3881 1271 3940 ium
1287 3878 1487 3944 desinentium

166 3981 339 4062 genetivum
363 3979 514 4062 antiquior
536 3976 641 4060 lingua
660 3997 816 4062 nunquam
835 3977 935 4042 linivit
951 3979 1105 4059 geminata
1120 3981 1159 4054 it,
1178 3982 1232 4045 sed
1250 3998 1312 4045 una
1329 3979 1460 4065 simplici
1470 3982 1489 4040 'i

168 4081 265 4148 vocali
288 4107 316 4146 n.
349 4082 468 4146 Addere
491 4084 580 4146 etiam
604 4088 725 4167 oportet
747 4101 782 4146 ex
806 4081 910 4147 tabola
931 4083 1098 4168 puteolana
1121 4089 1253 4156 ostrei
1278 4085 1329 4148 ubi
1352 4085 1487 4148 soconda

169 4186 282 4250 vocalis
302 4186 315 4244 i
336 4184 469 4249 resoluta
491 4192 619 4270 3333331
642 4185 671 4248 13
693 4185 719 4246 31
741 4186 778 4249 331
803 4184 912 4268 133333
936 4185 1065 4250 modom.
1474 4222 1477 4227 <
