3650 5342
1458 273 1474 330 3

151 386 237 454 urbis
260 391 290 454 io
316 409 421 456 museo
444 391 600 476 parisiensi
625 391 654 455 in
678 409 738 476 quo
760 389 819 474 legi
842 397 873 455 et
896 390 961 476 ipse
980 388 1140 473 pastalios
1159 389 1319 476 perspicue
1338 389 1485 476 scriptum

154 499 355 574 (ΟΙὶΑΝο;
379 513 477 579 neque
499 493 528 557 bi
553 495 709 577 bilingues,
734 501 765 557 ot
786 494 934 567 canusini,
957 513 1084 577 quorum
1108 492 1138 556 in
1161 493 1291 557 nummis
1309 501 1343 558 ut
1365 501 1417 566 (Α
1441 498 1484 559 ita

154 599 206 668 ΚΛ
229 596 343 660 saeculi
367 596 443 660 sexti
465 596 549 660 initio
573 597 741 662 invenimus
765 597 922 680 scriplum.
952 594 1093 660 Ceterum
1123 594 1262 679 quamvis
1285 604 1483 661 cessassent

153 716 230 782 quae
261 699 424 763 traduntur
450 700 487 761 de
518 705 539 769 Κ
568 699 773 775 Coranorum,
803 718 956 782 nunquam
985 718 1019 761 cx
1050 697 1108 763 boc
1134 698 1198 763 fere
1225 696 1314 763 unico
1344 701 1481 785 exemplo

154 807 252 884 potest
272 801 383 866 deduci
405 803 485 886 qnod
510 809 642 868 nostram
665 803 843 866 sententiam
872 801 1007 864 diruatf

238 909 271 976 D.
295 903 373 968 Erili
397 912 427 968 et
449 904 582 987 oblonga
604 905 700 968 forma
717 904 848 968 occurrit
863 901 893 966 in
910 903 1023 967 lamina
1038 921 1141 978 aenea,
1158 901 1293 987 itemque
1308 905 1337 970 io
1354 904 1484 969 nummis

154 1005 325 1083 Zanclaeis,
346 1015 376 1071 et
400 1009 427 1070 io
451 1009 528 1072 stela
545 1026 676 1074 cumana
698 1005 941 1071 Democharidis:
965 1007 1055 1090 paulo
1071 1005 1170 1069 serius
1187 1006 1319 1091 pingitur
1335 1006 1483 1094 ampliore

156 1107 269 1174 lunula.

239 1214 280 1293 Ε,
301 1218 331 1284 Ε.
349 1213 380 1277 ln
398 1212 500 1276 lat-iuis
516 1213 661 1297 exemplis
678 1212 756 1276 linea
772 1210 925 1276 verticalis
941 1210 1104 1295 aliquando
1119 1211 1313 1297 progreditur
1329 1232 1422 1296 supra
1436 1215 1483 1279 vel

154 1317 238 1390 inira,
263 1314 346 1400 quod
369 1313 458 1379 ctiam
482 1315 615 1378 occurrit
638 1316 667 1378 io
691 1313 810 1400 locplbo
833 1332 976 1378 cumano:
999 1319 1059 1377 tres
1076 1313 1172 1378 lineae
1188 1313 1323 1378 iacentes
1340 1315 1482 1401 obliquae

155 1437 370 1502 nonnunquam
395 1416 584 1499 effinguntur.
607 1417 738 1482 Alteram
762 1417 879 1481 litterae
900 1414 991 1480 huius
1014 1415 1140 1479 sormam
1162 1433 1243 1500 quae
1258 1413 1347 1481 lineis
1367 1425 1485 1483 constat

152 1521 270 1586 duabus
293 1529 324 1585 ct
347 1519 540 1586 porticalibus
563 1527 592 1584 et
614 1519 768 1606 parallelis
786 1527 802 1590 11
821 1518 929 1583 Gracci
946 1516 1097 1600 ignorant,
1112 1517 1292 1604 videturque
1308 1519 1338 1583 in
1358 1520 1480 1586 latinum

153 1623 347 1710 alphabetum
369 1623 528 1709 irrepsisse
551 1645 588 1690 ex
611 1621 762 1710 scriptura
784 1621 894 1688 italica.

238 1733 268 1798 Ρ.
293 1726 407 1793 Lineae
431 1727 508 1792 duae
526 1727 660 1793 iacentes
681 1743 905 1812 nonnumquam
926 1723 1070 1809 obliquae
1088 1731 1119 1789 et
1136 1725 1221 1810 ipsae
1240 1722 1421 1808 effinguntur
1441 1730 1480 1800 k:

152 1831 244 1896 semel
267 1830 464 1914 retrogradae
488 1827 520 1894 ut
541 1828 573 1895 in
595 1829 704 1896 cistula
725 1829 921 1916 praenestina
947 1831 1135 1903 affectes.
1160 1828 1289 1892 lolerior
1309 1826 1392 1894 linea
1411 1829 1481 1915 ple·

151 1951 279 2019 rumque
298 1933 427 1998 mediam
443 1932 616 1998 verticalem
635 1932 758 2014 attingit
776 1939 810 2012 Ρ;
829 1938 861 1997 at
875 1932 1041 2018 aliquando
1060 1933 1155 1997 oritur
1176 1931 1258 1995 circa
1275 1930 1393 1996 tertiam
1415 1950 1483 1997 ver-

151 2035 249 2102 ticalis
268 2042 385 2122 partem
404 2041 441 2114 Γ,
458 2036 504 2100 vel
518 2034 597 2100 inira
613 2037 745 2121 pingitur
761 2036 824 2100 lere
840 2042 874 2100 ut
888 2033 1041 2117 digamma
1055 2034 1253 2100 Etruscorum
1266 2053 1482 2119 campanorum

155 2142 196 2220 [ς
219 2139 264 2203 sic
283 2141 313 2202 io
332 2137 410 2203 cista
432 2138 627 2224 praenestina
651 2142 822 2214 stim,
845 2137 875 2202 in
896 2136 1019 2222 speculo
1039 2138 1108 2200 item
1128 2137 1323 2222 praenestino
1347 2141 1482 2217 milli,

153 2240 280 2328 ΙῑΛΤΛ.
305 2241 407 2305 Lineis
432 2240 626 2306 verticalibus
650 2241 769 2308 duabus
791 2241 868 2306 baec
891 2242 983 2306 etiam
1006 2241 1106 2305 littera
1128 2237 1264 2325 pingitur
1286 2247 1320 2317 ΙΙ,
1343 2260 1422 2325 quae
1445 2261 1482 2305 ex

149 2345 243 2408 reteri
266 2344 398 2429 quodam
421 2343 583 2429 alphabeto
607 2364 729 2409 manare
752 2342 887 2420 videtur,
909 2344 990 2428 quod
1015 2343 1148 2408 italicum
1172 2340 1311 2406 dixerim.

236 2449 279 2527 ς,
298 2451 393 2523 QG.
412 2445 522 2511 Tribus
539 2445 585 2511 bis
601 2447 698 2512 modis
714 2447 796 2532 pingi
813 2447 890 2511 solet
903 2446 1007 2511 littera
1021 2467 1048 2527 q,
1064 2464 1143 2530 quae
1158 2443 1343 2510 Graecorum
1361 2464 1481 2528 gamma

148 2555 263 2634 aequat
283 2547 542 2634 pronuntiatione.
574 2550 722 2634 Appietae
752 2550 887 2632 virgulae
917 2569 978 2635 qua
1006 2569 1024 2613 a
1054 2553 1075 2620 <
1105 2547 1301 2628 distinguitur
1329 2554 1481 2613 auctorem

148 2649 340 2735 ignoramus;
364 2669 431 2717 uam
456 2650 677 2717 Schneiderum
702 2651 770 2736 (Gr.
794 2654 844 2718 lat.
869 2651 887 2716 l.
914 2655 988 2735 tto)
1014 2650 1144 2736 eiusque
1162 2651 1309 2716 asseclam
1326 2649 1481 2717 Osaonum
1591 2729 1596 2740 Ι

147 2753 204 2836 lad
228 2753 291 2818 Cic.
316 2753 354 2818 de
376 2754 452 2839 llep.
475 2773 544 2839 pag.
571 2753 646 2838 tes)
670 2753 808 2840 aliosque
831 2751 884 2841 qui
907 2753 959 2840 Sp.
976 2755 1136 2820 Carvilium
1159 2751 1244 2818 cirea
1265 2773 1294 2816 a.
1318 2774 1347 2817 u.
1371 2773 1397 2816 c.
1419 2757 1479 2818 520
1587 2837 1590 2842 ἶ

147 2874 216 2922 cum
245 2853 452 2937 grammaticis
481 2853 636 2922 veteribus
664 2855 754 2922 huius
784 2856 852 2921 novi
880 2855 1021 2922 elementi
1043 2863 1199 2922 auctorem
1222 2856 1338 2931 iecere,
1367 2856 1481 2921 dudum

147 2957 239 3024 docui
259 2944 395 3035 errasse,
424 2958 515 3024 allato
537 2959 731 3042 Signinorum
754 2979 874 3024 nummo
897 2959 928 3023 in
952 2979 1011 3044 quo
1034 2960 1122 3024 modo
1146 2963 1251 3037 talc,
1272 2959 1362 3024 modo
1382 2961 1472 3032 tere

147 3061 293 3146 scriptum
323 3069 458 3147 apparet.
489 3062 615 3128 Constat
647 3063 740 3146 igitur
768 3061 882 3149 duplici
912 3063 1003 3128 modo
1032 3062 1176 3145 Signioos
1204 3061 1262 3128 lroc
1297 3061 1480 3128 elementum

147 3162 236 3230 initio
258 3165 401 3250 pinxisse.
427 3163 600 3232 Secundum
624 3168 706 3252 quod
728 3172 796 3252 post
818 3164 1013 3249 Signinorum
1037 3164 1206 3251 exemplum
1233 3162 1327 3230 citare
1356 3185 1479 3251 possum

146 3273 194 3330 est
209 3272 406 3340 ῦΝΑΙνοΙ)
422 3266 452 3332 in
472 3268 571 3352 elogio
588 3269 619 3333 t.
639 3269 790 3356 Scipionis
804 3270 927 3335 Barbati
942 3269 1112 3355 pertinente
1128 3269 1167 3334 ad
1181 3268 1335 3334 saeculum
1350 3276 1478 3334 sertum.

146 3369 232 3436 llaec
256 3369 384 3437 tortasse
407 3373 556 3438 vetustior
578 3380 624 3438 est
646 3373 751 3449 torma,
768 3393 829 3458 qua
844 3395 863 3454 p
879 3391 1098 3457 nonnunquam
1113 3369 1258 3454 effingunt
1273 3371 1480 3451 Praenestini;

147 3493 215 3540 nam
246 3473 367 3556 virgula
398 3495 488 3560 quam
521 3474 639 3558 Signini
671 3476 815 3545 extremis
848 3475 971 3541 lunulae
1005 3473 1148 3540 cornibus
1178 3474 1270 3540 veluti
1300 3493 1479 3560 suspensam

146 3575 278 3660 pingunt
299 3575 413 3662 accipit
430 3575 461 3642 in
474 3579 521 3644 his
538 3577 663 3644 formam
679 3577 784 3644 sicilici
801 3581 846 3658 G.
870 3578 995 3644 Invenio
1012 3577 1145 3644 Faliscos
1161 3576 1237 3644 baec
1253 3577 1314 3642 duo
1330 3578 1480 3643 elementa

145 3700 160 3740 c
180 3701 200 3762 9
221 3678 437 3766 permiscuisse
459 3680 489 3746 in
513 3683 627 3747 lamina
648 3702 758 3759 aenea,
781 3702 872 3766 quam
895 3681 946 3747 hic
968 3681 1078 3747 editam
1108 3680 1203 3746 babes
1233 3701 1261 3744 n.
1286 3681 1365 3758 557;
1389 3681 1418 3745 in
1442 3702 1479 3746 ea

144 3781 224 3847 enim
242 3783 382 3848 scribunt
396 3789 654 3862 contentum
676 3791 885 3863 botentin,
904 3789 1244 3857 ΟΟΝΒΕΕΟΚΑΝΤ,
1261 3789 1476 3858 (olovtvta.

231 3891 266 3956 Η.
281 3883 335 3948 Est
346 3884 533 3952 Graecorum
546 3887 788 3953 Chalcidensium
808 3887 941 3974 propria,
956 3889 1025 3950 item
1039 3888 1219 3952 anticorum:
1232 3886 1330 3950 Dones
1343 3885 1477 3951 italiolae

144 3989 261 4073 integra
275 3986 407 4074 primum
426 3995 462 4065 Ε,
479 3989 589 4055 deinde
606 3997 676 4075 post
690 3997 857 4076 receptum,
871 3996 903 4054 ut
915 3988 1060 4068 arbitror,
1074 3988 1270 4074 alphabetum
1285 3989 1417 4053 ionicum
1433 3987 1479 4051 di-

146 4091 267 4157 midiata
277 4092 324 4156 usi
338 4099 409 4156 sunt
423 4098 446 4169 t,
460 4093 551 4177 idque
565 4093 670 4158 videre
684 4099 730 4158 est
742 4092 773 4159 in
786 4081 917 4159 nummis
929 4093 1179 4158 Heracleensium
1196 4096 1476 4166 tthAKlllllntt,

145 4195 224 4277 quod
249 4202 342 4260 antea
367 4195 553 4277 ΗΕρακλεὶσν.
575 4196 690 4273 Latini,
714 4197 764 4282 qui
789 4203 990 4261 consonantes
1013 4215 1169 4280 nunqnam
1194 4194 1251 4259 bac
1273 4199 1373 4259 aetate
1395 4191 1478 4278 aspi-

146 4303 232 4378 rant,
264 4298 321 4362 boc
342 4305 442 4362 tameo
467 4298 615 4363 clemente
638 4306 764 4368 utuntur
786 4307 856 4365 ante
880 4300 1000 4365 vocales
1023 4297 1109 4364 initio
1133 4317 1260 4376 vocum,
1289 4302 1475 4383 permutant-

144 4419 200 4481 qne
230 4401 398 4486 aliquando
429 4422 495 4467 cum
526 4403 679 4486 digamma
711 4406 740 4467 in
776 4403 904 4475 felepa.
942 4405 1047 4479 lasis,
1082 4409 1173 4481 Fata3
1205 4401 1285 4485 quod
1316 4398 1472 4486 proprium

144 4501 236 4568 luisse
265 4505 466 4588 quorumdam
496 4506 678 4572 Sabinorum
710 4513 828 4572 veteres
854 4505 1224 4595 grammatici-dixerunt,
1248 4501 1300 4588 qui
1322 4504 1398 4567 boba
1419 4521 1473 4587 pro

142 4606 210 4684 [aba
232 4607 474 4691 pronuntiarent.
