3650 5342
359 269 391 326 te

343 394 394 456 ts.
417 391 508 476 (εὖ.)
533 400 565 462 al
594 393 619 469 b
651 394 768 464 ultio
784 419 791 435 ·
808 396 883 463 Ν
898 396 965 462 ·(·
982 394 1208 462 monimen
1224 396 1268 460 ·t²
1291 387 1322 452 in
1344 387 1452 452 antica.

514 493 614 579 Caput
635 493 783 580 Apollinis
806 494 985 558 laureatum.

512 595 616 682 Equus
641 597 766 671 saliens,
789 615 882 680 supra
904 603 1028 661 astrum.

471 690 541 762 llidi¹
561 697 709 765 Luceriae
732 697 813 785 apud
837 699 1036 764 Lombardos.
1060 698 1195 763 Alterum
1218 697 1388 782 exemplum
1405 715 1499 781 prope
1513 693 1672 761 Luceriam

387 808 504 874 nactus,
527 799 599 866 mihi
623 802 754 866 ostendit
775 801 957 866 Franciscus
980 801 1134 884 lllongelli,
1157 801 1212 866 sed
1235 799 1293 865 iam
1310 820 1385 886 pene
1401 805 1515 865 sectum
1532 798 1672 864 bifariam

386 922 404 968 a
427 903 607 989 pastoribus.
632 904 800 971 Caronnius
823 903 897 990 legit
919 911 1033 978 err-f
1057 907 1085 969 in
1110 905 1263 990 exenrpio,
1283 906 1367 988 quod
1391 904 1499 969 Paesto
1522 900 1635 968 tribuit.

428 1008 458 1090 t)
490 1010 517 1082 o
545 1007 707 1081 δξιῑίῡ·
725 1016 750 1078 ΓΙ
767 1038 773 1053 ·
791 1014 869 1081 ΒΛΒ
893 1009 923 1073 in
947 1011 1070 1093 postica.

514 1113 613 1200 Caput
634 1087 783 1196 Apollinis
806 1132 893 1177 coma
915 1111 946 1175 in
969 1113 1081 1177 vertice
1104 1114 1276 1178 constricta.

513 1215 619 1280 Gallus
641 1222 733 1280 stans.

472 1317 538 1382 tlidi
561 1317 686 1405 Neapoli
710 1319 790 1403 apud
814 1319 962 1384 lauriam.

470 1419 574 1486 Edidit
594 1420 790 1487 Mineruiuius
808 1421 936 1507 [Saggio
953 1423 983 1485 di
999 1441 1111 1487 osseru.
1129 1422 1269 1488 numism.
1287 1442 1314 1505 p.
1334 1423 1424 1505 itta),
1443 1425 1495 1509 qui
1513 1421 1588 1505 legit
1609 1428 1670 1496 SE·

385 1528 525 1596 13054Ὶ
543 1549 551 1566 ·
568 1529 645 1595 ΒΑΒ
661 1525 715 1602 dy,
738 1524 977 1610 explicavitque:
1001 1527 1125 1610 Sergius
1150 1524 1337 1602 Postumius,
1362 1524 1487 1590 Publius
1505 1524 1669 1600 Sabidius,

346 1669 350 1677 ·
384 1623 523 1690 Luceria.
548 1626 765 1693 Mommsenius
790 1647 859 1693 vero
883 1627 929 1692 sic
953 1635 984 1702 a
1010 1628 1135 1720 Sergius
1162 1628 1349 1702 Postumius,
1374 1626 1498 1693 Publius
1519 1627 1670 1700 Babhius.

386 1725 516 1792 litteram
541 1732 560 1799 t
584 1736 614 1792 et
638 1730 703 1814 ipse
727 1750 782 1816 pro
805 1730 880 1814 sigla
905 1731 1034 1795 nominis
1056 1731 1160 1816 oppidi
1183 1730 1309 1796 hahens.
1333 1734 1369 1795 dt
1392 1730 1521 1795 initiales
1539 1730 1670 1796 nominis

386 1829 470 1896 urbis
493 1838 546 1896 aut
568 1833 670 1918 oppidi
691 1853 844 1918 nunquam
861 1836 889 1897 in
907 1835 1034 1898 nummis
1050 1834 1152 1900 latinis
1174 1842 1318 1918 punctum
1334 1835 1501 1898 admittunt.
1528 1833 1671 1920 sitaque

383 1951 565 2018 praenomen
589 1941 635 2001 est
657 1933 805 2002 duumviri
826 1937 969 2021 praelecti
989 1936 1137 2005 coloniae.
1161 1935 1279 2008 §Extii
1302 1937 1438 2001 tortasse.
1465 1943 1545 2009 FOS
1568 1955 1587 2000 a
1609 1937 1668 2001 lli-

384 2033 521 2100 neruinio
544 2037 655 2103 lectum
679 2037 910 2122 deprehendere
934 2059 992 2103 non
1015 2039 1099 2123 potui
1123 2037 1152 2102 in
1176 2057 1298 2103 nummo
1320 2039 1399 2102 male
1424 2037 1502 2102 llato.

426 2140 455 2220 c)
478 2141 659 2220 Argenteum
678 2161 830 2206 nummum
848 2141 947 2206 adhuc
964 2141 1078 2206 nullum
1094 2139 1309 2206 Lucerinorum
1325 2140 1497 2206 invenimus
1511 2140 1564 2226 qui
1580 2162 1670 2207 cusus

385 2240 424 2305 sit
446 2241 524 2326 typis
542 2241 697 2308 lueerinis.
716 2245 750 2309 ln
770 2263 876 2310 museo
892 2245 1130 2326 Santaugeliano
1149 2251 1249 2309 tamen
1267 2249 1351 2308 extat
1368 2243 1470 2309 libella
1484 2244 1563 2330 typis
1576 2248 1672 2330 drpa·

384 2362 510 2420 norum,
534 2345 586 2430 qui
609 2353 639 2410 et
661 2345 720 2432 ipsi
744 2365 761 2410 a
783 2347 957 2412 Tarentinis
979 2354 1189 2432 sumpserunt,
1208 2347 1311 2412 addita
1335 2346 1433 2411 littera
1457 2354 1480 2418 J
1504 2348 1533 2410 in
1557 2347 1669 2412 antica.

383 2447 423 2512 dt
444 2465 554 2512 nomeu
587 2445 665 2512 Pulli
703 2455 875 2521 ΠΥΛΛΟΥ
903 2456 1009 2534 aperte
1032 2449 1165 2515 ostendit
1187 2469 1207 2514 a
1226 2448 1332 2521 Pullo,
1354 2449 1406 2534 qui
1439 2449 1494 2513 iuit
1523 2451 1670 2535 princeps

382 2550 571 2635 Arpanorum
594 2556 625 2616 et
647 2549 879 2636 Salapinorum‚
909 2572 1038 2624 cusum,
1062 2552 1258 2636 litteramque
1280 2554 1292 2615 t
1313 2552 1544 2635 retrogradam,
1567 2559 1670 2619 nomm

383 2653 472 2738 pretii
495 2671 573 2718 esse.
596 2652 697 2719 llabet
719 2655 768 2720 hic
791 2657 821 2719 in
845 2654 948 2720 antica
969 2665 1060 2741 caput
1082 2653 1239 2719 lllineruae
1261 2655 1349 2739 galea
1371 2653 1465 2720 attica
1486 2660 1615 2733 tectum,
1637 2657 1669 2720 in

383 2754 503 2839 postica
523 2754 688 2822 Herculem
712 2777 790 2840 genu
815 2759 930 2837 nixum,
948 2760 1034 2824 clava
1049 2756 1242 2832 instructum,
1262 2757 1380 2822 leonem
1400 2757 1614 2836 sullocantem;
1636 2758 1667 2822 iu
1770 2841 1773 2844 ἦ

383 2876 494 2942 exsuge
516 2865 684 2932 cunnos
706 2862 815 2928 litteris
838 2862 1033 2945 fugientibus.
1056 2858 1244 2926 Larinatium
1263 2867 1295 2924 et
1311 2860 1563 2926 Brundisinorum
1587 2867 1670 2927 extat

380 2980 472 3029 aerea
492 2966 666 3043 semuncia,
691 2969 728 3041 i,
755 2974 779 3044 l,
803 2973 876 3032 uota
898 2964 1055 3051 iuscripta.

466 3063 614 3152 Sequitur
637 3088 718 3134 nuuc
734 3076 766 3132 ut
781 3067 879 3133 dicam
898 3068 937 3134 de
952 3069 1083 3134 nummis
1100 3067 1316 3133 Lucerinorum
1334 3067 1476 3155 propriis,
1491 3087 1560 3133 uam
1576 3069 1614 3133 de
1628 3067 1668 3131 iis
1683 3089 1687 3098 ·
1816 3126 1817 3157 q

382 3185 460 3252 quus
475 3167 621 3235 Luceriae
636 3170 763 3235 llomani
780 3171 845 3236 suis
862 3171 942 3258 typis
956 3169 1162 3253 signaverunt,
1177 3169 1226 3255 egi
1243 3172 1273 3235 in
1288 3171 1442 3236 Romanis.
1458 3170 1560 3236 Series
1575 3172 1669 3256 igitur

382 3271 499 3356 duplex·
518 3279 566 3337 est
587 3272 683 3338 altera
705 3272 786 3338 aeris
809 3273 883 3349 listi,
908 3275 1006 3340 altera
1026 3277 1107 3340 aeris
1129 3276 1278 3359 percussi.
1302 3275 1334 3340 ln
1357 3277 1451 3361 priori
1474 3275 1567 3351 serie,
1589 3297 1667 3362 quae

383 3381 430 3438 est
451 3375 595 3460 ponderis
617 3377 847 3461 quadrantalis,
882 3377 1025 3443 Lucerini
1058 3377 1226 3445 inscribunt
1247 3381 1342 3446 solam
1370 3377 1515 3444 initialem
1537 3381 1666 3446 litteram

384 3476 513 3541 nominis
536 3479 607 3556 sui,
631 3498 761 3565 eamque
785 3478 899 3566 duplici
923 3481 1023 3547 modo.
1047 3480 1121 3547 Nam
1144 3484 1234 3547 modo
1256 3478 1404 3565 effingunt
1424 3481 1526 3548 media
1549 3483 1667 3560 torma,

382 3579 472 3644 modo
490 3597 569 3665 peue
584 3581 774 3664 quadratam,
791 3583 873 3668 quud
888 3583 962 3648 alibi
978 3584 1192 3663 demonstrari,
1207 3591 1238 3650 et
1253 3604 1351 3671 nuper
1364 3587 1395 3649 in
1414 3584 1488 3650 diss.
1506 3577 1543 3651 de
1558 3606 1665 3654 canon.

381 3681 550 3748 llitschelii.
582 3682 682 3749 Nolim
706 3693 805 3750 tamen
829 3686 943 3751 diutius
966 3687 1086 3753 silentio
1108 3687 1237 3753 obruere
1259 3689 1342 3773 quod
1364 3689 1477 3753 dudum
1500 3692 1665 3777 perspexi;

382 3797 491 3869 nempe
513 3784 593 3850 male
615 3786 644 3852 in
668 3789 843 3854 semunciae
862 3790 978 3874 postica
996 3791 1198 3875 descriptores
1216 3790 1364 3857 hactenus
1382 3799 1506 3876 putasse
1521 3792 1665 3880 polypum

380 3885 510 3952 effictum
534 3895 625 3974 atque
649 3909 849 3976 expressum
883 3900 930 3957 est
951 3893 1031 3957 enim
1054 3893 1094 3957 ibi
1119 3893 1239 3979 thyrsus
1260 3894 1370 3959 Bacchi
1395 3895 1495 3961 taenia
1516 3894 1667 3979 obligatus

380 3989 408 4054 in
432 4009 550 4057 summa
571 3991 674 4066 hasta,
697 3991 783 4060 cuius
805 3994 907 4061 iuiimo
930 3996 999 4081 pedi
1023 4014 1144 4060 annexa
1165 4004 1211 4061 est
1233 3996 1313 4061 linea
1330 3996 1455 4082 obliqua
1472 3996 1590 4064 litterae
1607 3997 1666 4063 ini-

380 4090 460 4158 tialis
490 4094 716 4160 Lucerinorum.
752 4095 791 4161 lli
814 4118 887 4163 rere
909 4118 965 4183 pro
987 4100 1106 4163 taeniae
1128 4101 1280 4164 lemniscis
1306 4101 1510 4182 imaginantur
1531 4100 1572 4165 ibi
1595 4122 1664 4166 esse

379 4195 481 4288 polypi
504 4197 611 4292 pedes,
636 4204 667 4263 et
688 4186 745 4294 pro
768 4201 865 4294 capite
888 4200 984 4293 thyrsi
1007 4200 1198 4268 somniarunt
1218 4202 1320 4293 polypi
1343 4223 1463 4292 corpus.
