3650 5342
691 443 776 518 GAP.
803 440 907 516 xvlt.

500 597 503 606 ⁴
583 589 717 640 Perenna
734 588 768 632 de
786 595 865 632 uerso
882 582 1019 630 salonio.

175 739 329 804 Habemus
360 755 458 821 pauca
484 757 518 799 en
548 743 610 799 tota
636 735 814 819 antiquitate
842 753 983 798 versuum
1014 733 1216 797 salurniorum
1246 745 1458 817 monumenta,

137 862 214 928 quae
235 841 328 906 veluti
352 861 390 904 er
413 837 570 920 naulragin
594 846 801 902 enataverunt.
820 837 873 900 His
890 834 981 920 igitur
996 844 1129 913 utemur3
1149 845 1179 899 et
1197 840 1340 920 quoniam
1356 840 1459 906 Gram-

138 946 235 1011 matici
257 952 377 1008 veteres
399 943 552 1028 complura
576 961 611 1005 er
636 941 691 1006 hoc
714 959 825 1022 genere
855 940 1009 1022 legerunt,
1033 940 1133 1023 deque
1163 940 1208 1002 bis
1237 943 1368 1006 meditati
1392 954 1461 1012 sunt

138 1051 210 1114 scitu
234 1049 342 1129 digna,
367 1065 497 1130 aequum
521 1051 566 1109 est
589 1053 621 1109 ut
643 1063 746 1108 eorum
777 1043 887 1107 iudicio
916 1044 1163 1127 acquiescamus,
1187 1049 1363 1129 pracsertim
1391 1067 1460 1114 curn

138 1155 321 1217 litteratores
344 1155 466 1213 nostrae
489 1149 597 1212 aetatis
619 1147 748 1212 certiora
772 1164 829 1210 non
854 1145 1012 1210 videantur
1034 1145 1176 1230 prolerre.

179 1255 293 1318 Versus
316 1252 430 1336 quibus
452 1253 521 1314 olim
539 1257 621 1316 vates
637 1250 761 1314 oracula
777 1249 944 1313 fundebant
962 1250 982 1311 ii
999 1256 1170 1333 sunt,‘quos
1187 1258 1296 1343 vocant
1311 1258 1461 1320 saturnios

139 1359 242 1440 (l'arro
258 1357 297 1418 de
314 1355 380 1418 bl..
399 1354 463 1416 Vll.
481 1355 543 1434 36);
567 1371 623 1416 nec
645 1360 743 1417 lamen
766 1349 876 1435 reperti
894 1351 934 1414 ab
950 1351 1042 1426 italis,
1058 1354 1100 1414 ait
1114 1350 1239 1416 Maurus
1261 1353 1463 1424 Terentianus

141 1464 180 1546 [p.
196 1462 281 1523 etse
299 1459 346 1534 P.;
371 1457 408 1520 cl.
431 1455 553 1520 Atilium
578 1455 835 1526 Fortunatiannm,
859 1456 940 1518 2679
959 1453 1013 1535 a),
1036 1455 1167 1539 ideoque
1191 1459 1342 1522 saturnios
1365 1460 1462 1524 deno-

138 1566 276 1638 minatos,
300 1568 333 1625 ut
357 1558 483 1622 credidit
506 1566 654 1638 velustas;
678 1559 732 1623 sed
754 1564 801 1622 est
825 1576 930 1620 eorum
954 1558 1038 1642 origo
1064 1577 1189 1640 graeca,
1213 1559 1318 1644 illique
1333 1570 1463 1629 metrum

139 1667 216 1732 istud
232 1672 317 1732 certo
335 1663 424 1726 modo
440 1663 601 1726 dederunt:
617 1661 700 1724 latini
716 1681 781 1724 mor
796 1668 903 1745 poetae
920 1661 1024 1723 rudem
1037 1680 1144 1724 sonum
1157 1666 1263 1738 secuti,
1278 1671 1309 1727 ul
1323 1685 1464 1752 quaeque

139 1791 185 1836 res
208 1767 341 1842 terebat,
365 1767 410 1830 sic
433 1764 563 1848 disparis
594 1763 708 1846 figurae
738 1783 844 1827 versus
868 1782 960 1845 vagos
982 1763 1134 1828 locabant.
1169 1764 1257 1843 Quae
1279 1776 1360 1832 recte
1383 1771 1465 1836 dicta

141 1893 208 1938 esse
232 1876 319 1955 putat
341 1871 475 1933 liitterus
494 1867 598 1951 (Elem.
623 1867 755 1931 Gramm.
772 1865 824 1940 lat,
840 1887 868 1949 p.
886 1867 947 1947 titi).
971 1865 1130 1931 Nemeum
1148 1875 1274 1933 urelrum
1299 1875 1464 1938 saturnium

140 1982 257 2040 constet
279 1973 400 2036 duabus
423 1970 574 2057 partibus,
595 1971 757 2054 primaque
780 1970 820 2033 sit
842 1967 1013 2033 testimonio
1035 1971 1166 2052 plurium
1192 1972 1334 2046 iambica,
1357 1975 1404 2040 vel
1428 1981 1466 2041 sit

142 2079 278 2143 senarius
302 2074 421 2140 iambus
437 2081 516 2138 totus
531 2093 567 2136 ex
584 2073 735 2137 sententia
754 2072 922 2144 Diomedis,
940 2072 999 2136 iarn
1017 2078 1114 2156 patet,
1130 2074 1171 2135 ait
1187 2072 1331 2150 llitlerus,
1349 2079 1465 2162 origine

140 2181 264 2246 latinum
288 2198 358 2242 esse
381 2195 440 2240 non
465 2195 555 2260 posse
564 2203 577 2251 ·,=
593 2175 797 2260 pronuntiatio
821 2174 899 2238 enim
925 2174 1018 2237 latina
1037 2175 1189 2239 trochaica
1204 2184 1251 2240 est
1266 2185 1296 2240 et
1308 2179 1466 2266 dactylica,

144 2303 200 2348 non
223 2281 362 2347 iambica.
388 2280 470 2344 llaec
494 2279 615 2364 quidem
634 2286 715 2342 recte
734 2279 940 2360 grammaticis
957 2278 1110 2342 veteribus
1126 2287 1345 2346 consentanea:
1363 2303 1466 2356 verum

141 2387 343 2456 Hermannus,
358 2381 482 2447 inventa
497 2382 648 2456 anacrusi,
665 2380 778 2456 docuit,
794 2382 947 2465 quomodo
963 2383 1089 2445 saturnii
1110 2402 1214 2447 versus
1230 2387 1347 2468 possint
1362 2390 1467 2454 scandi

142 2509 195 2573 per
217 2488 394 2562 trochaeos;
418 2486 545 2570 quodsi
569 2503 672 2549 verum
696 2491 752 2558 est,
777 2484 836 2554 illa.
860 2503 950 2567 quam
975 2485 1106 2550 llitterus
1130 2487 1218 2550 unice
1242 2488 1374 2567 adduxit,
1391 2495 1467 2556 ratio

142 2592 276 2670 tolletur,
291 2598 322 2655 et
336 2588 409 2653 itala
432 2589 516 2670 origo
534 2588 671 2652 versibus
686 2589 829 2651 salurniis
849 2587 1066 2662 vindicabitur,
1083 2592 1220 2672 quamvis
1235 2591 1275 2654 ad
1290 2611 1467 2673 graecorum

144 2695 263 2760 modurn
287 2703 407 2758 veteres
430 2693 540 2768 nostri,
566 2699 598 2756 ut
620 2691 766 2776 pleraque
789 2691 889 2755 omnia
912 2691 1072 2756 videantur
1093 2691 1241 2758 effecisse.

185 2796 398 2872 Grammatici,
422 2795 473 2878 qui
504 2795 630 2878 primam
653 2813 757 2858 versus
780 2783 895 2877 partein
920 2813 975 2878 per
996 2793 1113 2858 iambos
1135 2796 1337 2873 scandebant,
1360 2819 1471 2864 secun-

144 2900 213 2964 dam
236 2918 292 2984 per
316 2896 491 2972 trochaeos,
515 2895 733 2971 existimarint,
758 2911 884 2959 necesse
907 2902 970 2973 est,
992 2896 1101 2959 latinos
1125 2899 1266 2982 antiquos
1289 2901 1396 2965 versus
1415 2903 1471 2966 du-

145 3004 280 3066 rissimos
312 2999 442 3074 lenisse,
473 3006 503 3064 et
529 2998 597 3081 lege
620 2998 783 3062 identidem
807 3004 949 3073 servata,
972 2997 1047 3061 alins
1071 3004 1169 3064 tamen
1191 2999 1370 3084 breviores,
1394 3006 1470 3069 alios

145 3106 296 3188 longiores
320 3102 494 3167 inseruisse.
518 3101 555 3164 m
577 3121 609 3166 ra
632 3101 754 3186 quidem
778 3121 850 3165 nera
873 3101 981 3180 Atilius
1005 3101 1240 3168 Fortunatianus
1262 3104 1281 3168 l.
1300 3107 1350 3169 cit.
1374 3106 1471 3172 lassos

146 3216 206 3286 est,
230 3209 279 3272 rix
304 3227 337 3271 se
361 3206 513 3269 invenisse
537 3205 617 3288 apud
642 3203 787 3268 Naevium
812 3195 979 3280 saturnios,
1003 3224 1080 3288 quos
1103 3226 1157 3289 pro
1180 3210 1317 3294 exemplo
1335 3219 1469 3293 poneret.

146 3311 228 3375 ldem
252 3310 312 3374 alio
335 3309 402 3373 loco
424 3330 452 3394 p.
477 3311 560 3372 2698
583 3309 696 3394 passim
720 3315 750 3370 et
772 3309 837 3372 sine
860 3327 934 3372 eura
955 3327 992 3372 eo
1016 3307 1151 3372 homines
1174 3329 1249 3374 usos
1278 3314 1469 3398 pronuntiat,

146 3414 276 3478 maxime
300 3414 329 3475 in
355 3411 466 3476 tabuiis
489 3429 567 3496 quas
591 3410 824 3496 triumphatores
841 3411 869 3475 in
886 3409 1036 3496 Capitolio
1059 3411 1244 3477 incidebant.
1269 3414 1341 3492 Eius
1360 3417 1473 3483 iudicio

147 3515 249 3601 optimi
274 3523 347 3580 sunt
369 3533 475 3579 versus
499 3515 633 3598 quinque
657 3514 707 3597 qni
731 3521 910 3598 sequuntur.

189 3635 233 3700 Er
254 3635 360 3700 tabula
381 3633 503 3718 Regilli:

402 3771 511 3838 Dueilo
534 3791 643 3856 magno
667 3725 835 3837 dirimendo
858 3772 980 3856 regibus
1003 3773 1190 3856 subigendis.

191 3909 234 3976 Er
256 3909 361 3976 tabula
386 3909 471 3974 Acilii
496 3907 682 3974 Glabrionis:

403 4045 507 4123 Fudit,
530 4048 627 4132 lugat,
651 4049 814 4133 prosternit
837 4049 982 4113 maximas
1004 4048 1148 4132 legiones.

191 4169 234 4234 Ex
256 4169 386 4234 Naevio:

403 4287 516 4354 Ferunt
536 4291 659 4376 pulcras
682 4299 833 4356 creterras
857 4311 966 4356 aureas
989 4292 1126 4378 lepistas.

403 4393 517 4458 Novem
541 4393 621 4458 lovis
644 4395 812 4461 concordes
836 4395 917 4460 litiae
939 4413 1069 4461 sorores.

195 4529 382 4596 Metellorum
404 4531 435 4595 ln
458 4531 618 4599 Naevium:

405 4651 518 4717 bialum
540 4653 656 4720 dabunt
678 4653 792 4720 lletelli
815 4652 930 4756 Naeuio
953 4660 1061 4741 poetae
