3650 5342
318 421 379 486 Leo
402 437 532 505 pergens
556 419 594 484 ad
617 420 781 485 sinistram.

280 521 377 588 Edidit
398 521 612 602 dimersimus,
636 521 758 586 Osserv.
782 519 963 585 Numismat.
989 529 1049 584 tan.
1073 520 1101 585 t.
1125 525 1195 584 on.

234 627 264 711 Ι)
286 632 398 698 tinto
422 627 451 690 in
474 626 606 711 postica,
621 632 660 690 ¹et
686 633 712 695 Ν
740 632 810 690 uota
832 623 930 709 pretii.

319 727 419 814 Caput
441 727 521 793 iovis
545 729 723 793 laureatum.

318 831 427 916 Aquila
448 830 563 894 fulmini
587 831 740 896 insistens.

276 933 329 998 Est
359 935 388 998 in
419 931 630 998 Kircheriooo.
666 931 828 997 Garetiiani
859 931 919 997 duo
949 932 1083 1017 pendent
1111 950 1155 1013 gr.
1179 931 1321 1008 nt,o7t;
1343 929 1474 1007 tosti.

189 1038 413 1104 Sambonianus
437 1057 480 1120 gr.
504 1039 613 1113 32,ss

234 1143 268 1223 p]
290 1146 402 1213 ΤΙΑΤΙ
427 1139 457 1204 in
480 1139 614 1227 postica,
637 1146 669 1204 et
690 1146 763 1206 nota
785 1137 980 1224 quioeunois.

321 1243 418 1328 Caput
439 1241 597 1308 Minervae
620 1240 709 1325 galea
731 1240 880 1306 corinthia
901 1247 1025 1306 tectum.

320 1344 437 1411 Noctua
460 1351 543 1410 stans
566 1365 642 1430 pene
665 1346 812 1418 adversa,
836 1343 929 1408 arbor
950 1343 988 1408 ad
1011 1344 1157 1408 dextram.

278 1449 331 1512 Est
361 1447 391 1512 in
423 1447 642 1524 Kireheriano‚
674 1447 849 1532 pendetque
873 1465 917 1530 gr.
943 1450 1054 1520 ittet.
1087 1444 1323 1510 corettinnornm
1350 1448 1481 1526 quatuor

192 1554 313 1638 pondtm
334 1556 381 1616 est
405 1555 544 1629 to,too;
569 1551 710 1628 tt,78t;
736 1551 878 1630 tt,aot;
903 1551 1032 1625 titiis.

234 1655 270 1736 toi
293 1660 405 1726 ΤΙΑΤΙ
430 1655 459 1718 io
483 1654 616 1739 postica,
639 1661 669 1717 et
691 1659 762 1718 nota
785 1649 912 1718 trientis.

319 1757 419 1842 Caput
441 1755 583 1822 Herculis
604 1756 721 1821 barbati
746 1745 847 1840 spolio,
867 1754 964 1819 ieonis
989 1760 1108 1820 tectum.

318 1861 380 1927 Leo
401 1879 509 1924 versus
532 1861 571 1924 ad
593 1861 749 1933 dextram,
772 1878 864 1944 supra
886 1859 988 1933 olava,
1011 1858 1091 1922 iutra
1113 1862 1240 1921 astrum.

280 1964 348 2029 vidi
371 1963 402 2029 in
426 1981 531 2052 museo
556 1963 732 2038 parisiensi,
756 1970 786 2028 et
808 1968 854 2026 est
876 1961 957 2047 apud
981 1981 1029 2026 me
1052 1961 1227 2044 pendetque
1249 1978 1292 2042 gr.
1318 1960 1424 2030 toto.

236 2069 261 2150 i]
284 2073 391 2139 ΤΙΑΤΙ
416 2069 445 2132 iu
469 2064 602 2152 postica,
627 2072 657 2130 et
680 2073 751 2130 uota
774 2065 962 2152 quadrantis.

320 2171 395 2256 Typi
418 2169 510 2234 iidem
533 2188 570 2233 ac
594 2167 624 2232 in
647 2170 827 2254 quincunce.

238 2275 271 2334 ist
295 2278 403 2344 ΤΙΑΤΙ
428 2272 457 2336 in
482 2270 600 2358 postica
622 2272 659 2338 od
683 2271 819 2346 iaevam,
841 2273 869 2335 in
894 2290 1005 2354 exergo
1028 2275 1101 2335 nota
1122 2267 1270 2333 sextantis
1293 2297 1351 2338 οι,
1374 2271 1406 2328 et
1426 2283 1478 2328 se·
1541 2319 1544 2324 .

363 2373 500 2440 munciae
525 2379 545 2448 ξ
570 2375 608 2438 ad
631 2374 778 2438 dextram.

323 2479 397 2564 Typi
422 2476 514 2544 iidem
539 2496 574 2542 ac
597 2479 626 2541 iu
650 2478 829 2563 quadrante.

280 2581 334 2646 list
345 2582 375 2644 in
390 2579 588 2645 Kircheriano
600 2587 631 2644 ot
640 2579 753 2664 pendet
766 2599 809 2661 qr.
821 2583 907 2657 535.
920 2576 1086 2642 dveiiinius
1095 2575 1218 2661 (opusc.
1228 2574 1280 2651 ili,
1289 2593 1318 2656 p.
1329 2577 1340 2636 t
1350 2578 1362 2636 t
1371 2576 1400 2648 5,
1410 2575 1422 2633 t
1432 2575 1480 2642 to,

192 2685 319 2765 tauns)
337 2682 453 2768 putarit
468 2684 498 2746 in
513 2683 572 2748 hoo
589 2684 690 2748 littera
706 2689 724 2756 ξ
744 2682 840 2748 latere
857 2699 1084 2764 monogramma
1101 2687 1146 2750 W
1160 2679 1197 2762 (ε
1214 2683 1271 2749 titt
1282 2678 1308 2761 i,
1323 2695 1385 2760 quo
1399 2693 1480 2740 com-

193 2789 330 2874 pleretur
353 2787 436 2851 urbis
455 2805 563 2851 nomen
589 2792 724 2865 TtttTt3
748 2805 803 2870 pro
822 2804 883 2871 quo
899 2781 1088 2849 imminutum
1105 2782 1210 2864 tegens
1224 2782 1254 2844 io
1269 2799 1325 2844 suo
1340 2777 1479 2862 exempto

192 2896 266 2962 ΤΙΑ
289 2890 445 2976 supplevit
466 2887 650 2961 nondun.
679 2892 718 2953 nt
740 2894 823 2954 extat
845 2907 987 2953 nummus
1008 2888 1214 2972 Romanorum
1237 2880 1384 2967 Luceriae
1406 2899 1479 2965 per-

192 3013 312 3066 cussus.
332 2997 463 3071 totta,
480 2996 500 3061 i
516 3013 584 3057 cum
602 2993 680 3078 typis
697 2993 855 3064 sextantis,
870 2977 901 3056 'et
914 2999 987 3055 nota
1001 2985 1178 3054 semunciae
1193 2995 1224 3060 f.
1241 2983 1274 3049 V.
1286 3005 1316 3070 p.
1328 2989 1380 3059 ot,
1393 2988 1479 3062 atto.

238 3097 265 3178 i)
289 3102 403 3167 ΤΙΑΤΙ
429 3097 460 3160 iu
481 3095 601 3181 postica
623 3103 653 3158 et
676 3101 748 3159 nota
770 3091 928 3158 sextantis.

321 3196 399 3284 Typi
422 3197 513 3262 iidem
537 3216 574 3261 ac
596 3197 626 3260 in
649 3197 807 3282 superiore
830 3197 858 3260 d.

279 3298 332 3364 Est
353 3299 435 3385 apud
457 3319 505 3364 me
528 3299 702 3384 pendetque
725 3318 770 3381 gr.
794 3301 883 3372 6,70.

236 3404 280 3486 m)
304 3408 420 3474 ΤΙΑΤΙ
447 3402 476 3466 in
499 3401 618 3487 postica
639 3409 669 3466 et
692 3409 764 3466 nota
788 3401 905 3466 unciae.

322 3505 426 3591 Typus
448 3507 478 3570 in
501 3510 602 3570 antica
624 3504 703 3568 idem
726 3523 761 3570 ac
784 3505 814 3568 in
838 3511 986 3568 sextante.

322 3608 440 3672 Noctua
462 3627 539 3692 pene
562 3609 692 3672 adversa
715 3614 814 3682 stans,
838 3607 915 3670 inira
938 3613 1010 3670 nota
1033 3604 1157 3679 unciae,
1180 3603 1218 3668 ad
1241 3603 1338 3668 dextr.
1361 3621 1481 3668 corona.

279 3711 332 3776 Est
354 3713 383 3775 io
406 3709 609 3774 Kircheriano
632 3716 663 3772 et
685 3709 746 3773 vidi
771 3709 979 3774 Vindobooae.
1013 3706 1206 3772 Semunciam
1236 3705 1368 3772 nondum
1390 3704 1479 3770 inre-

197 3816 293 3880 nimus
314 3814 346 3878 iu
368 3813 427 3878 hae
450 3811 538 3877 serie.

238 3917 273 3998 n)
296 3921 406 3988 ΤΙΑΤΙ
432 3917 460 3978 in
484 3917 612 4001 postica.

322 4019 434 4104 Caput.
444 4017 575 4103 Neptuni
599 4017 780 4083 laureatum.

323 4122 448 4188 iuvenis
465 4121 564 4186 nudus
579 4119 723 4206 delphino
738 4123 844 4185 vectus
862 4139 916 4184 vas
932 4125 1070 4185 ansatum
1086 4119 1194 4186 dextra
1209 4123 1350 4204 porrecta
1363 4123 1482 4191 tenens,

365 4225 525 4290 tridentem
548 4223 681 4289 sustinet
702 4221 840 4288 sinistra:
864 4223 944 4289 inira
966 4231 1036 4287 nota
1058 4221 1247 4306 quadrantis.

262 4327 313 4391 Est
330 4327 455 4412 Neapoli
475 4327 503 4390 in
521 4347 626 4391 moseo
643 4325 890 4411 Saotaogeiiano
908 4334 939 4389 et
953 4326 1013 4390 vidi
1030 4327 1059 4389 in
1078 4323 1317 4390 vindobonensi.
1333 4317 1482 4389 Corellius

202 4431 276 4494 mate
297 4431 399 4515 posuit
421 4430 561 4513 globulos
585 4437 730 4514 quatuor:
755 4429 868 4513 pendet
890 4449 935 4513 gr.
955 4434 1074 4504 tiata.
1098 4431 1161 4493 tere
1183 4436 1217 4493 ut
1239 4427 1392 4512 quadrans
1413 4446 1482 4492 cum

201 4539 270 4617 typo
287 4533 439 4598 Mineruae
455 4540 485 4597 et
500 4538 620 4607 noctua,
637 4536 725 4598 cuius
741 4531 881 4617 exempla
896 4532 958 4598 duo
974 4532 1139 4598 corelliana
1153 4531 1286 4616 pendent
1300 4549 1345 4620 gr.
1359 4534 1479 4614 529023

202 4639 307 4712 odio.
329 4635 384 4702 Est
404 4635 500 4721 igitur
522 4642 608 4702 extra
631 4637 740 4702 seriem
763 4655 855 4704 cusos
879 4637 959 4724 typis
981 4634 1151 4704 tarentinis.
