<?xml version="1.0" encoding="UTF-8"?>
<!DOCTYPE html PUBLIC "-//W3C//DTD XHTML 1.0 Transitional//EN"
    "http://www.w3.org/TR/xhtml1/DTD/xhtml1-transitional.dtd">
<html xmlns="http://www.w3.org/1999/xhtml" xml:lang="en" lang="en">
 <head>
  <title>
</title>
<meta http-equiv="Content-Type" content="text/html;charset=utf-8" />
  <meta name='ocr-system' content='tesseract 3.04.00' />
  <meta name='ocr-capabilities' content='ocr_page ocr_carea ocr_par ocr_line ocrx_word'/>
</head>
<body>
  <div class='ocr_page' id='page_1' title='image "./syllogeinscript00garrgoog_0013.png"; bbox 0 0 3650 5342; ppageno 0'>
   <div class='ocr_carea' id='block_1_1' title="bbox 504 853 1105 922">
    <p class='ocr_par' dir='ltr' id='par_1_1' title="bbox 504 853 1105 922">
     <span class='ocr_line' id='line_1_1' title="bbox 504 853 1105 922; baseline 0 -15"><span class='ocrx_word' id='word_1_1' title='bbox 504 857 604 922; x_wconf 71' lang='lat' dir='ltr'><strong>Quat:</strong></span> <span class='ocrx_word' id='word_1_2' title='bbox 633 857 703 912; x_wconf 75' lang='lat' dir='ltr'><strong>EST</strong></span> <span class='ocrx_word' id='word_1_3' title='bbox 736 853 1105 910; x_wconf 73' lang='lat' dir='ltr'><strong>rncneodttartttclt.</strong></span> 
     </span>
    </p>
   </div>
   <div class='ocr_carea' id='block_1_2' title="bbox 740 1335 880 1409">
    <p class='ocr_par' dir='ltr' id='par_1_2' title="bbox 740 1335 880 1409">
     <span class='ocr_line' id='line_1_2' title="bbox 740 1335 880 1409; baseline -0.007 0"><span class='ocrx_word' id='word_1_4' title='bbox 740 1335 824 1409; x_wconf 84' lang='lat' dir='ltr'><strong>CdP.</strong></span> <span class='ocrx_word' id='word_1_5' title='bbox 855 1335 880 1408; x_wconf 92' lang='lat' dir='ltr'><strong>l.</strong></span> 
     </span>
    </p>
   </div>
   <div class='ocr_carea' id='block_1_3' title="bbox 597 1527 1016 1584">
    <p class='ocr_par' dir='ltr' id='par_1_3' title="bbox 597 1527 1016 1584">
     <span class='ocr_line' id='line_1_3' title="bbox 597 1527 1016 1584; baseline 0.005 -10"><span class='ocrx_word' id='word_1_6' title='bbox 597 1531 633 1575; x_wconf 76' lang='lat' dir='ltr'><strong>nc</strong></span> <span class='ocrx_word' id='word_1_7' title='bbox 649 1527 755 1582; x_wconf 72' lang='lat' dir='ltr'><strong>cristae</strong></span> <span class='ocrx_word' id='word_1_8' title='bbox 773 1527 910 1584; x_wconf 70' lang='lat' dir='ltr'><strong>alphabeti</strong></span> <span class='ocrx_word' id='word_1_9' title='bbox 927 1529 1016 1576; x_wconf 77' lang='lat' dir='ltr'><strong>latini</strong></span> 
     </span>
    </p>
   </div>
   <div class='ocr_carea' id='block_1_4' title="bbox 145 1710 1470 2517">
    <p class='ocr_par' dir='ltr' id='par_1_4' title="bbox 145 1710 1470 2313">
     <span class='ocr_line' id='line_1_4' title="bbox 187 1710 1466 1796; baseline 0.001 -22"><span class='ocrx_word' id='word_1_10' title='bbox 187 1711 308 1777; x_wconf 86' lang='lat' dir='ltr'><strong>Priscus</strong></span> <span class='ocrx_word' id='word_1_11' title='bbox 325 1711 395 1776; x_wconf 94' lang='lat' dir='ltr'><strong>olim</strong></span> <span class='ocrx_word' id='word_1_12' title='bbox 413 1711 521 1777; x_wconf 87' lang='lat' dir='ltr'><strong>latinos</strong></span> <span class='ocrx_word' id='word_1_13' title='bbox 544 1713 692 1778; x_wconf 91' lang='lat' dir='ltr'><strong>clementa</strong></span> <span class='ocrx_word' id='word_1_14' title='bbox 713 1711 864 1776; x_wconf 90' lang='lat' dir='ltr'><strong>scribendi</strong></span> <span class='ocrx_word' id='word_1_15' title='bbox 883 1730 901 1775; x_wconf 90' lang='lat' dir='ltr'><strong>a</strong></span> <span class='ocrx_word' id='word_1_16' title='bbox 920 1711 1044 1776; x_wconf 87' lang='lat' dir='ltr'><strong>Graecis</strong></span> <span class='ocrx_word' id='word_1_17' title='bbox 1062 1712 1216 1796; x_wconf 85' lang='lat' dir='ltr'><strong>accepisse</strong></span> <span class='ocrx_word' id='word_1_18' title='bbox 1234 1718 1264 1775; x_wconf 92' lang='lat' dir='ltr'><strong>et</strong></span> <span class='ocrx_word' id='word_1_19' title='bbox 1280 1710 1384 1796; x_wconf 86' lang='lat' dir='ltr'><strong>plures</strong></span> <span class='ocrx_word' id='word_1_20' title='bbox 1403 1716 1466 1775; x_wconf 92' lang='lat' dir='ltr'><strong>tra-</strong></span> 
     </span>
     <span class='ocr_line' id='line_1_5' title="bbox 145 1812 1470 1903; baseline 0.002 -27"><span class='ocrx_word' id='word_1_21' title='bbox 145 1813 301 1895; x_wconf 90' lang='lat' dir='ltr'><strong>diderunt,</strong></span> <span class='ocrx_word' id='word_1_22' title='bbox 319 1821 351 1878; x_wconf 88' lang='lat' dir='ltr'><strong>ct</strong></span> <span class='ocrx_word' id='word_1_23' title='bbox 367 1833 399 1879; x_wconf 92' lang='lat' dir='ltr'><strong>rc</strong></span> <span class='ocrx_word' id='word_1_24' title='bbox 417 1815 484 1900; x_wconf 87' lang='lat' dir='ltr'><strong>ipsa</strong></span> <span class='ocrx_word' id='word_1_25' title='bbox 501 1813 722 1880; x_wconf 77' lang='lat' dir='ltr'><strong>manifestatur.</strong></span> <span class='ocrx_word' id='word_1_26' title='bbox 744 1816 781 1878; x_wconf 85' lang='lat' dir='ltr'><strong>dt</strong></span> <span class='ocrx_word' id='word_1_27' title='bbox 799 1833 861 1899; x_wconf 91' lang='lat' dir='ltr'><strong>qua</strong></span> <span class='ocrx_word' id='word_1_28' title='bbox 878 1815 910 1878; x_wconf 93' lang='lat' dir='ltr'><strong>id</strong></span> <span class='ocrx_word' id='word_1_29' title='bbox 927 1821 1025 1879; x_wconf 89' lang='lat' dir='ltr'><strong>aetate</strong></span> <span class='ocrx_word' id='word_1_30' title='bbox 1048 1815 1177 1900; x_wconf 90' lang='lat' dir='ltr'><strong>primum</strong></span> <span class='ocrx_word' id='word_1_31' title='bbox 1196 1814 1322 1903; x_wconf 83' lang='lat' dir='ltr'><strong>fecerint</strong></span> <span class='ocrx_word' id='word_1_32' title='bbox 1343 1812 1470 1881; x_wconf 75' lang='lat' dir='ltr'>arbitror</span> 
     </span>
     <span class='ocr_line' id='line_1_6' title="bbox 146 1914 1467 2003; baseline 0 -23"><span class='ocrx_word' id='word_1_33' title='bbox 146 1915 244 1981; x_wconf 85' lang='lat' dir='ltr'><strong>adhuc</strong></span> <span class='ocrx_word' id='word_1_34' title='bbox 266 1916 387 2003; x_wconf 89' lang='lat' dir='ltr'><strong>quaeri;</strong></span> <span class='ocrx_word' id='word_1_35' title='bbox 410 1924 510 1982; x_wconf 91' lang='lat' dir='ltr'><strong>tamen</strong></span> <span class='ocrx_word' id='word_1_36' title='bbox 526 1925 558 1984; x_wconf 93' lang='lat' dir='ltr'><strong>ut</strong></span> <span class='ocrx_word' id='word_1_37' title='bbox 573 1925 686 1983; x_wconf 90' lang='lat' dir='ltr'><strong>certum</strong></span> <span class='ocrx_word' id='word_1_38' title='bbox 705 1923 734 1981; x_wconf 92' lang='lat' dir='ltr'><strong>et</strong></span> <span class='ocrx_word' id='word_1_39' title='bbox 752 1917 940 2003; x_wconf 76' lang='lat' dir='ltr'><strong>exploratum</strong></span> <span class='ocrx_word' id='word_1_40' title='bbox 960 1925 1106 1993; x_wconf 90' lang='lat' dir='ltr'><strong>tenemus,</strong></span> <span class='ocrx_word' id='word_1_41' title='bbox 1122 1917 1152 1980; x_wconf 92' lang='lat' dir='ltr'><strong>id</strong></span> <span class='ocrx_word' id='word_1_42' title='bbox 1170 1924 1238 2002; x_wconf 94' lang='lat' dir='ltr'><strong>post</strong></span> <span class='ocrx_word' id='word_1_43' title='bbox 1255 1914 1467 2002; x_wconf 77' lang='lat' dir='ltr'><strong>olympiadum</strong></span> 
     </span>
     <span class='ocr_line' id='line_1_7' title="bbox 147 2015 1468 2102; baseline 0 -18"><span class='ocrx_word' id='word_1_44' title='bbox 147 2027 282 2085; x_wconf 79' lang='lat' dir='ltr'><strong>exortum</strong></span> <span class='ocrx_word' id='word_1_45' title='bbox 299 2015 471 2086; x_wconf 85' lang='lat' dir='ltr'><strong>necessario</strong></span> <span class='ocrx_word' id='word_1_46' title='bbox 486 2021 648 2102; x_wconf 69' lang='lat' dir='ltr'><strong>accidisse,</strong></span> <span class='ocrx_word' id='word_1_47' title='bbox 661 2039 726 2085; x_wconf 92' lang='lat' dir='ltr'><strong>-nec</strong></span> <span class='ocrx_word' id='word_1_48' title='bbox 742 2021 820 2084; x_wconf 90' lang='lat' dir='ltr'><strong>enim</strong></span> <span class='ocrx_word' id='word_1_49' title='bbox 837 2027 926 2086; x_wconf 91' lang='lat' dir='ltr'><strong>antea</strong></span> <span class='ocrx_word' id='word_1_50' title='bbox 942 2021 972 2083; x_wconf 93' lang='lat' dir='ltr'><strong>in</strong></span> <span class='ocrx_word' id='word_1_51' title='bbox 989 2020 1076 2084; x_wconf 90' lang='lat' dir='ltr'><strong>ltalia</strong></span> <span class='ocrx_word' id='word_1_52' title='bbox 1093 2019 1203 2084; x_wconf 90' lang='lat' dir='ltr'><strong>Graeci</strong></span> <span class='ocrx_word' id='word_1_53' title='bbox 1221 2019 1323 2084; x_wconf 90' lang='lat' dir='ltr'><strong>sedem</strong></span> <span class='ocrx_word' id='word_1_54' title='bbox 1339 2020 1468 2084; x_wconf 86' lang='lat' dir='ltr'><strong>collocu-</strong></span> 
     </span>
     <span class='ocr_line' id='line_1_8' title="bbox 147 2121 1469 2208; baseline 0.003 -23"><span class='ocrx_word' id='word_1_55' title='bbox 147 2131 266 2199; x_wconf 88' lang='lat' dir='ltr'><strong>rerunt,</strong></span> <span class='ocrx_word' id='word_1_56' title='bbox 292 2129 345 2188; x_wconf 90' lang='lat' dir='ltr'><strong>aut</strong></span> <span class='ocrx_word' id='word_1_57' title='bbox 366 2123 462 2190; x_wconf 86' lang='lat' dir='ltr'><strong>Latini</strong></span> <span class='ocrx_word' id='word_1_58' title='bbox 480 2144 614 2208; x_wconf 87' lang='lat' dir='ltr'><strong>unquam</strong></span> <span class='ocrx_word' id='word_1_59' title='bbox 630 2125 659 2188; x_wconf 90' lang='lat' dir='ltr'><strong>in</strong></span> <span class='ocrx_word' id='word_1_60' title='bbox 675 2122 833 2188; x_wconf 82' lang='lat' dir='ltr'><strong>Graeciam</strong></span> <span class='ocrx_word' id='word_1_61' title='bbox 850 2125 1072 2206; x_wconf 84' lang='lat' dir='ltr'><strong>navigaverunt</strong></span> <span class='ocrx_word' id='word_1_62' title='bbox 1088 2129 1120 2186; x_wconf 95' lang='lat' dir='ltr'><strong>ut</strong></span> <span class='ocrx_word' id='word_1_63' title='bbox 1136 2141 1275 2204; x_wconf 80' lang='lat' dir='ltr'>graecam</span> <span class='ocrx_word' id='word_1_64' title='bbox 1291 2121 1469 2208; x_wconf 80' lang='lat' dir='ltr'><strong>scripturam</strong></span> 
     </span>
     <span class='ocr_line' id='line_1_9' title="bbox 146 2222 1120 2313; baseline 0 -24"><span class='ocrx_word' id='word_1_65' title='bbox 146 2225 175 2291; x_wconf 90' lang='lat' dir='ltr'><strong>io</strong></span> <span class='ocrx_word' id='word_1_66' title='bbox 198 2226 313 2292; x_wconf 90' lang='lat' dir='ltr'><strong>ltaliam</strong></span> <span class='ocrx_word' id='word_1_67' title='bbox 338 2228 542 2313; x_wconf 78' lang='lat' dir='ltr'><strong>importarent.</strong></span> <span class='ocrx_word' id='word_1_68' title='bbox 1113 2222 1120 2236; x_wconf 89' lang='lat'>&#39;</span> 
     </span>
    </p>

    <p class='ocr_par' dir='ltr' id='par_1_5' title="bbox 147 2325 1470 2517">
     <span class='ocr_line' id='line_1_10' title="bbox 186 2325 1470 2414; baseline 0 -22"><span class='ocrx_word' id='word_1_69' title='bbox 186 2329 304 2395; x_wconf 88' lang='lat' dir='ltr'><strong>Deinde</strong></span> <span class='ocrx_word' id='word_1_70' title='bbox 326 2331 437 2414; x_wconf 87' lang='lat' dir='ltr'><strong>quaeri</strong></span> <span class='ocrx_word' id='word_1_71' title='bbox 454 2330 545 2408; x_wconf 90' lang='lat' dir='ltr'><strong>solet,</strong></span> <span class='ocrx_word' id='word_1_72' title='bbox 570 2348 605 2394; x_wconf 83' lang='lat' dir='ltr'><strong>ex</strong></span> <span class='ocrx_word' id='word_1_73' title='bbox 629 2349 690 2414; x_wconf 88' lang='lat' dir='ltr'><strong>qua</strong></span> <span class='ocrx_word' id='word_1_74' title='bbox 711 2327 899 2414; x_wconf 90' lang='lat' dir='ltr'><strong>potissimum</strong></span> <span class='ocrx_word' id='word_1_75' title='bbox 923 2328 1061 2394; x_wconf 85' lang='lat' dir='ltr'><strong>Helladis</strong></span> <span class='ocrx_word' id='word_1_76' title='bbox 1083 2334 1173 2412; x_wconf 82' lang='lat' dir='ltr'><strong>gente</strong></span> <span class='ocrx_word' id='word_1_77' title='bbox 1193 2327 1291 2392; x_wconf 90' lang='lat' dir='ltr'><strong>Latini</strong></span> <span class='ocrx_word' id='word_1_78' title='bbox 1314 2325 1470 2394; x_wconf 84' lang='lat' dir='ltr'><strong>hauserint</strong></span> 
     </span>
     <span class='ocr_line' id='line_1_11' title="bbox 147 2429 1468 2517; baseline 0 -23"><span class='ocrx_word' id='word_1_79' title='bbox 147 2431 277 2497; x_wconf 86' lang='lat' dir='ltr'><strong>litteras:</strong></span> <span class='ocrx_word' id='word_1_80' title='bbox 302 2449 402 2516; x_wconf 90' lang='lat' dir='ltr'><strong>neque</strong></span> <span class='ocrx_word' id='word_1_81' title='bbox 425 2429 549 2496; x_wconf 91' lang='lat' dir='ltr'><strong>dubium</strong></span> <span class='ocrx_word' id='word_1_82' title='bbox 573 2450 639 2494; x_wconf 89' lang='lat' dir='ltr'><strong>csse</strong></span> <span class='ocrx_word' id='word_1_83' title='bbox 663 2438 768 2516; x_wconf 88' lang='lat' dir='ltr'><strong>potest,</strong></span> <span class='ocrx_word' id='word_1_84' title='bbox 786 2432 858 2517; x_wconf 93' lang='lat' dir='ltr'><strong>quin</strong></span> <span class='ocrx_word' id='word_1_85' title='bbox 875 2430 913 2497; x_wconf 91' lang='lat' dir='ltr'><strong>ah</strong></span> <span class='ocrx_word' id='word_1_86' title='bbox 928 2429 1179 2496; x_wconf 87' lang='lat' dir='ltr'><strong>Chalcidensibus</strong></span> <span class='ocrx_word' id='word_1_87' title='bbox 1194 2429 1400 2510; x_wconf 88' lang='lat' dir='ltr'><strong>conterminis,</strong></span> <span class='ocrx_word' id='word_1_88' title='bbox 1416 2430 1468 2516; x_wconf 88' lang='lat' dir='ltr'><strong>qui</strong></span> 
     </span>
    </p>
   </div>
   <div class='ocr_carea' id='block_1_5' title="bbox 13 2531 1506 2722">
    <p class='ocr_par' dir='ltr' id='par_1_6' title="bbox 13 2531 1506 2722">
     <span class='ocr_line' id='line_1_12' title="bbox 19 2531 1506 2633; baseline 0.001 -36"><span class='ocrx_word' id='word_1_89' title='bbox 19 2553 26 2560; x_wconf 94' lang='lat'>·</span> <span class='ocrx_word' id='word_1_90' title='bbox 147 2531 257 2599; x_wconf 89' lang='lat' dir='ltr'><strong>Cumas</strong></span> <span class='ocrx_word' id='word_1_91' title='bbox 279 2535 309 2598; x_wconf 93' lang='lat' dir='ltr'><strong>in</strong></span> <span class='ocrx_word' id='word_1_92' title='bbox 334 2534 500 2619; x_wconf 87' lang='lat' dir='ltr'><strong>Campania</strong></span> <span class='ocrx_word' id='word_1_93' title='bbox 527 2533 734 2598; x_wconf 90' lang='lat' dir='ltr'><strong>condiderunt.</strong></span> <span class='ocrx_word' id='word_1_94' title='bbox 762 2535 898 2620; x_wconf 86' lang='lat' dir='ltr'><strong>Namque</strong></span> <span class='ocrx_word' id='word_1_95' title='bbox 925 2554 993 2598; x_wconf 93' lang='lat' dir='ltr'><strong>cum</strong></span> <span class='ocrx_word' id='word_1_96' title='bbox 1017 2534 1108 2598; x_wconf 91' lang='lat' dir='ltr'><strong>totins</strong></span> <span class='ocrx_word' id='word_1_97' title='bbox 1133 2551 1262 2616; x_wconf 78' lang='lat' dir='ltr'><strong>graecae</strong></span> <span class='ocrx_word' id='word_1_98' title='bbox 1283 2532 1469 2599; x_wconf 89' lang='lat' dir='ltr'><strong>litteraturae</strong></span> <span class='ocrx_word' id='word_1_99' title='bbox 1502 2621 1506 2633; x_wconf 27' lang='grc'>1</span> 
     </span>
     <span class='ocr_line' id='line_1_13' title="bbox 13 2633 1470 2722; baseline 0.003 -24"><span class='ocrx_word' id='word_1_100' title='bbox 13 2667 25 2693; x_wconf 71' lang='grc' dir='ltr'><strong><em>ι</em></strong></span> <span class='ocrx_word' id='word_1_101' title='bbox 147 2635 247 2702; x_wconf 82' lang='lat' dir='ltr'><strong>tontes</strong></span> <span class='ocrx_word' id='word_1_102' title='bbox 269 2636 321 2701; x_wconf 90' lang='lat' dir='ltr'><strong>illa</strong></span> <span class='ocrx_word' id='word_1_103' title='bbox 342 2643 472 2722; x_wconf 91' lang='lat' dir='ltr'><strong>quatuor</strong></span> <span class='ocrx_word' id='word_1_104' title='bbox 493 2635 654 2722; x_wconf 86' lang='lat' dir='ltr'><strong>alphabeta</strong></span> <span class='ocrx_word' id='word_1_105' title='bbox 676 2637 744 2714; x_wconf 89' lang='lat' dir='ltr'><strong>sint,</strong></span> <span class='ocrx_word' id='word_1_106' title='bbox 766 2636 881 2701; x_wconf 89' lang='lat' dir='ltr'><strong>Dorum</strong></span> <span class='ocrx_word' id='word_1_107' title='bbox 904 2637 1020 2701; x_wconf 90' lang='lat' dir='ltr'><strong>scilicet</strong></span> <span class='ocrx_word' id='word_1_108' title='bbox 1038 2643 1068 2701; x_wconf 92' lang='lat' dir='ltr'><strong>ct</strong></span> <span class='ocrx_word' id='word_1_109' title='bbox 1082 2633 1286 2711; x_wconf 83' lang='lat' dir='ltr'><strong>dcoleosium,</strong></span> <span class='ocrx_word' id='word_1_110' title='bbox 1303 2635 1470 2702; x_wconf 72' lang='lat' dir='ltr'><strong>Atticorum</strong></span> 
     </span>
    </p>
   </div>
   <div class='ocr_carea' id='block_1_6' title="bbox 144 2736 1471 3958">
    <p class='ocr_par' dir='ltr' id='par_1_7' title="bbox 144 2736 1471 3419">
     <span class='ocr_line' id='line_1_14' title="bbox 147 2736 1471 2824; baseline 0 -20"><span class='ocrx_word' id='word_1_111' title='bbox 147 2747 176 2804; x_wconf 87' lang='lat' dir='ltr'><strong>et</strong></span> <span class='ocrx_word' id='word_1_112' title='bbox 197 2739 320 2816; x_wconf 88' lang='lat' dir='ltr'><strong>looum,</strong></span> <span class='ocrx_word' id='word_1_113' title='bbox 343 2759 380 2804; x_wconf 81' lang='lat' dir='ltr'><strong>er</strong></span> <span class='ocrx_word' id='word_1_114' title='bbox 402 2737 513 2824; x_wconf 87' lang='lat' dir='ltr'><strong>quibus</strong></span> <span class='ocrx_word' id='word_1_115' title='bbox 541 2740 710 2804; x_wconf 87' lang='lat' dir='ltr'><strong>emanarint</strong></span> <span class='ocrx_word' id='word_1_116' title='bbox 731 2738 894 2824; x_wconf 91' lang='lat' dir='ltr'><strong>alphabeta</strong></span> <span class='ocrx_word' id='word_1_117' title='bbox 915 2738 1120 2814; x_wconf 77' lang='lat' dir='ltr'><strong>Achaeorum,</strong></span> <span class='ocrx_word' id='word_1_118' title='bbox 1137 2737 1333 2814; x_wconf 88' lang='lat' dir='ltr'><strong>Boeotorum,</strong></span> <span class='ocrx_word' id='word_1_119' title='bbox 1350 2736 1471 2804; x_wconf 90' lang='lat' dir='ltr'><strong>Chalci·</strong></span> 
     </span>
     <span class='ocr_line' id='line_1_15' title="bbox 147 2839 1467 2927; baseline 0.001 -22"><span class='ocrx_word' id='word_1_120' title='bbox 147 2841 286 2906; x_wconf 88' lang='lat' dir='ltr'><strong>densium</strong></span> <span class='ocrx_word' id='word_1_121' title='bbox 309 2849 554 2927; x_wconf 88' lang='lat' dir='ltr'><strong>ceterorumquo,</strong></span> <span class='ocrx_word' id='word_1_122' title='bbox 577 2839 619 2906; x_wconf 92' lang='lat' dir='ltr'><strong>illi</strong></span> <span class='ocrx_word' id='word_1_123' title='bbox 638 2841 774 2926; x_wconf 82' lang='lat' dir='ltr'><strong>proiecto</strong></span> <span class='ocrx_word' id='word_1_124' title='bbox 792 2841 905 2907; x_wconf 89' lang='lat' dir='ltr'><strong>litteras</strong></span> <span class='ocrx_word' id='word_1_125' title='bbox 924 2842 1030 2926; x_wconf 88' lang='lat' dir='ltr'><strong>priscis</strong></span> <span class='ocrx_word' id='word_1_126' title='bbox 1046 2841 1160 2906; x_wconf 87' lang='lat' dir='ltr'><strong>Latinis</strong></span> <span class='ocrx_word' id='word_1_127' title='bbox 1176 2839 1334 2904; x_wconf 86' lang='lat' dir='ltr'><strong>tradidisse</strong></span> <span class='ocrx_word' id='word_1_128' title='bbox 1347 2841 1467 2907; x_wconf 90' lang='lat' dir='ltr'><strong>dicendi</strong></span> 
     </span>
     <span class='ocr_line' id='line_1_16' title="bbox 144 2941 1467 3030; baseline 0 -23"><span class='ocrx_word' id='word_1_129' title='bbox 144 2951 226 3018; x_wconf 87' lang='lat' dir='ltr'><strong>sunt,</strong></span> <span class='ocrx_word' id='word_1_130' title='bbox 243 2963 370 3028; x_wconf 86' lang='lat' dir='ltr'><strong>quorum</strong></span> <span class='ocrx_word' id='word_1_131' title='bbox 389 2945 491 3030; x_wconf 91' lang='lat' dir='ltr'><strong>reipsa</strong></span> <span class='ocrx_word' id='word_1_132' title='bbox 506 2942 716 3029; x_wconf 83' lang='lat' dir='ltr'><strong>alphabeticac</strong></span> <span class='ocrx_word' id='word_1_133' title='bbox 735 2944 849 3009; x_wconf 87' lang='lat' dir='ltr'><strong>lormae</strong></span> <span class='ocrx_word' id='word_1_134' title='bbox 867 2945 965 3027; x_wconf 82' lang='lat' dir='ltr'><strong>magis</strong></span> <span class='ocrx_word' id='word_1_135' title='bbox 982 2945 1022 3010; x_wconf 91' lang='lat' dir='ltr'><strong>ad</strong></span> <span class='ocrx_word' id='word_1_136' title='bbox 1040 2943 1278 3029; x_wconf 91' lang='lat' dir='ltr'><strong>antiquissimam</strong></span> <span class='ocrx_word' id='word_1_137' title='bbox 1296 2941 1467 3009; x_wconf 87' lang='lat' dir='ltr'><strong>Latinorum</strong></span> 
     </span>
     <span class='ocr_line' id='line_1_17' title="bbox 145 3043 1467 3132; baseline 0.002 -24"><span class='ocrx_word' id='word_1_138' title='bbox 145 3043 326 3132; x_wconf 85' lang='lat' dir='ltr'><strong>scripturam</strong></span> <span class='ocrx_word' id='word_1_139' title='bbox 342 3047 499 3112; x_wconf 90' lang='lat' dir='ltr'><strong>accedunt.</strong></span> <span class='ocrx_word' id='word_1_140' title='bbox 513 3047 589 3112; x_wconf 92' lang='lat' dir='ltr'><strong>Sunt</strong></span> <span class='ocrx_word' id='word_1_141' title='bbox 604 3065 676 3112; x_wconf 89' lang='lat' dir='ltr'><strong>vero</strong></span> <span class='ocrx_word' id='word_1_142' title='bbox 692 3043 817 3112; x_wconf 91' lang='lat' dir='ltr'><strong>Cumani</strong></span> <span class='ocrx_word' id='word_1_143' title='bbox 829 3045 1062 3125; x_wconf 87' lang='lat' dir='ltr'><strong>Chalcidenses;</strong></span> <span class='ocrx_word' id='word_1_144' title='bbox 1074 3046 1167 3130; x_wconf 90' lang='lat' dir='ltr'><strong>idque</strong></span> <span class='ocrx_word' id='word_1_145' title='bbox 1181 3050 1299 3110; x_wconf 87' lang='lat' dir='ltr'><strong>constat</strong></span> <span class='ocrx_word' id='word_1_146' title='bbox 1312 3064 1350 3112; x_wconf 81' lang='lat' dir='ltr'><strong>er</strong></span> <span class='ocrx_word' id='word_1_147' title='bbox 1363 3064 1467 3112; x_wconf 90' lang='lat' dir='ltr'><strong>eorum</strong></span> 
     </span>
     <span class='ocr_line' id='line_1_18' title="bbox 145 3146 1466 3240; baseline 0.003 -30"><span class='ocrx_word' id='word_1_148' title='bbox 145 3148 272 3212; x_wconf 85' lang='lat' dir='ltr'><strong>nummis</strong></span> <span class='ocrx_word' id='word_1_149' title='bbox 288 3156 318 3240; x_wconf 78' lang='lat' dir='ltr'><strong>et</strong></span> <span class='ocrx_word' id='word_1_150' title='bbox 333 3149 436 3227; x_wconf 87' lang='lat' dir='ltr'><strong>titulis,</strong></span> <span class='ocrx_word' id='word_1_151' title='bbox 454 3157 515 3214; x_wconf 93' lang='lat' dir='ltr'><strong>tum</strong></span> <span class='ocrx_word' id='word_1_152' title='bbox 531 3168 567 3213; x_wconf 85' lang='lat' dir='ltr'><strong>ex</strong></span> <span class='ocrx_word' id='word_1_153' title='bbox 583 3148 744 3234; x_wconf 88' lang='lat' dir='ltr'><strong>alphabeto</strong></span> <span class='ocrx_word' id='word_1_154' title='bbox 760 3148 841 3234; x_wconf 92' lang='lat' dir='ltr'><strong>quod</strong></span> <span class='ocrx_word' id='word_1_155' title='bbox 861 3167 1026 3234; x_wconf 87' lang='lat' dir='ltr'><strong>campanae</strong></span> <span class='ocrx_word' id='word_1_156' title='bbox 1043 3156 1073 3212; x_wconf 92' lang='lat' dir='ltr'><strong>et</strong></span> <span class='ocrx_word' id='word_1_157' title='bbox 1087 3146 1203 3213; x_wconf 91' lang='lat' dir='ltr'><strong>siculae</strong></span> <span class='ocrx_word' id='word_1_158' title='bbox 1222 3147 1466 3216; x_wconf 87' lang='lat' dir='ltr'><strong>Chalcidensium</strong></span> 
     </span>
     <span class='ocr_line' id='line_1_19' title="bbox 146 3248 1468 3337; baseline 0.002 -23"><span class='ocrx_word' id='word_1_159' title='bbox 146 3251 281 3315; x_wconf 90' lang='lat' dir='ltr'><strong>coloniae</strong></span> <span class='ocrx_word' id='word_1_160' title='bbox 305 3250 514 3317; x_wconf 89' lang='lat' dir='ltr'><strong>adhibuerunt.</strong></span> <span class='ocrx_word' id='word_1_161' title='bbox 537 3249 600 3316; x_wconf 89' lang='lat' dir='ltr'><strong>Hos</strong></span> <span class='ocrx_word' id='word_1_162' title='bbox 622 3249 715 3336; x_wconf 78' lang='lat' dir='ltr'><strong>igitur</strong></span> <span class='ocrx_word' id='word_1_163' title='bbox 737 3257 820 3316; x_wconf 91' lang='lat' dir='ltr'><strong>recte</strong></span> <span class='ocrx_word' id='word_1_164' title='bbox 842 3250 980 3317; x_wconf 90' lang='lat' dir='ltr'><strong>dicemus</strong></span> <span class='ocrx_word' id='word_1_165' title='bbox 1004 3249 1114 3335; x_wconf 90' lang='lat' dir='ltr'><strong>priscis</strong></span> <span class='ocrx_word' id='word_1_166' title='bbox 1129 3250 1206 3316; x_wconf 84' lang='lat' dir='ltr'><strong>Latii</strong></span> <span class='ocrx_word' id='word_1_167' title='bbox 1221 3250 1342 3337; x_wconf 89' lang='lat' dir='ltr'><strong>populis</strong></span> <span class='ocrx_word' id='word_1_168' title='bbox 1363 3248 1468 3335; x_wconf 91' lang='lat' dir='ltr'><strong>alpha·</strong></span> 
     </span>
     <span class='ocr_line' id='line_1_20' title="bbox 145 3350 1283 3419; baseline 0.002 -2"><span class='ocrx_word' id='word_1_169' title='bbox 145 3350 245 3419; x_wconf 84' lang='lat' dir='ltr'><strong>batum</strong></span> <span class='ocrx_word' id='word_1_170' title='bbox 268 3353 416 3418; x_wconf 89' lang='lat' dir='ltr'><strong>intulisse.</strong></span> <span class='ocrx_word' id='word_1_171' title='bbox 1280 3364 1283 3371; x_wconf 86' lang='lat'>&#39;</span> 
     </span>
    </p>

    <p class='ocr_par' dir='ltr' id='par_1_8' title="bbox 145 3454 1467 3958">
     <span class='ocr_line' id='line_1_21' title="bbox 185 3454 1466 3544; baseline 0.002 -23"><span class='ocrx_word' id='word_1_172' title='bbox 185 3455 283 3522; x_wconf 88' lang='lat' dir='ltr'><strong>Cuma</strong></span> <span class='ocrx_word' id='word_1_173' title='bbox 311 3459 431 3523; x_wconf 91' lang='lat' dir='ltr'><strong>colonia</strong></span> <span class='ocrx_word' id='word_1_174' title='bbox 452 3457 695 3524; x_wconf 88' lang='lat' dir='ltr'><strong>Chalcidensium</strong></span> <span class='ocrx_word' id='word_1_175' title='bbox 722 3458 934 3544; x_wconf 91' lang='lat' dir='ltr'><strong>antiquissima</strong></span> <span class='ocrx_word' id='word_1_176' title='bbox 955 3458 1028 3536; x_wconf 82' lang='lat' dir='ltr'><strong>fuit;</strong></span> <span class='ocrx_word' id='word_1_177' title='bbox 1057 3455 1144 3524; x_wconf 91' lang='lat' dir='ltr'><strong>cuius</strong></span> <span class='ocrx_word' id='word_1_178' title='bbox 1171 3458 1301 3540; x_wconf 75' lang='lat' dir='ltr'><strong>origirms</strong></span> <span class='ocrx_word' id='word_1_179' title='bbox 1327 3454 1466 3544; x_wconf 87' lang='lat' dir='ltr'><strong>quamvis</strong></span> 
     </span>
     <span class='ocr_line' id='line_1_22' title="bbox 146 3558 1467 3646; baseline 0.004 -26"><span class='ocrx_word' id='word_1_180' title='bbox 146 3558 301 3625; x_wconf 79' lang='lat' dir='ltr'><strong>fabulosae</strong></span> <span class='ocrx_word' id='word_1_181' title='bbox 319 3567 471 3646; x_wconf 85' lang='lat' dir='ltr'><strong>putantur,</strong></span> <span class='ocrx_word' id='word_1_182' title='bbox 486 3581 584 3645; x_wconf 87' lang='lat' dir='ltr'><strong>eaque</strong></span> <span class='ocrx_word' id='word_1_183' title='bbox 600 3561 639 3626; x_wconf 89' lang='lat' dir='ltr'><strong>dc</strong></span> <span class='ocrx_word' id='word_1_184' title='bbox 658 3581 752 3627; x_wconf 89' lang='lat' dir='ltr'><strong>causa</strong></span> <span class='ocrx_word' id='word_1_185' title='bbox 767 3561 954 3637; x_wconf 88' lang='lat' dir='ltr'><strong>reiiciantur,</strong></span> <span class='ocrx_word' id='word_1_186' title='bbox 970 3562 1007 3626; x_wconf 91' lang='lat' dir='ltr'><strong>de</strong></span> <span class='ocrx_word' id='word_1_187' title='bbox 1023 3562 1098 3628; x_wconf 90' lang='lat' dir='ltr'><strong>urbe</strong></span> <span class='ocrx_word' id='word_1_188' title='bbox 1115 3572 1213 3628; x_wconf 89' lang='lat' dir='ltr'><strong>tamen</strong></span> <span class='ocrx_word' id='word_1_189' title='bbox 1236 3567 1367 3636; x_wconf 90' lang='lat' dir='ltr'><strong>constat,</strong></span> <span class='ocrx_word' id='word_1_190' title='bbox 1385 3562 1467 3646; x_wconf 88' lang='lat' dir='ltr'><strong>quod</strong></span> 
     </span>
     <span class='ocr_line' id='line_1_23' title="bbox 147 3662 1467 3751; baseline 0.002 -25"><span class='ocrx_word' id='word_1_191' title='bbox 147 3663 230 3727; x_wconf 90' lang='lat' dir='ltr'><strong>nohis</strong></span> <span class='ocrx_word' id='word_1_192' title='bbox 252 3662 374 3728; x_wconf 88' lang='lat' dir='ltr'><strong>abunde</strong></span> <span class='ocrx_word' id='word_1_193' title='bbox 393 3664 463 3728; x_wconf 87' lang='lat' dir='ltr'><strong>tacit</strong></span> <span class='ocrx_word' id='word_1_194' title='bbox 480 3666 562 3734; x_wconf 89' lang='lat' dir='ltr'><strong>satis.</strong></span> <span class='ocrx_word' id='word_1_195' title='bbox 582 3683 648 3730; x_wconf 92' lang='lat' dir='ltr'><strong>eam</strong></span> <span class='ocrx_word' id='word_1_196' title='bbox 664 3665 721 3730; x_wconf 87' lang='lat' dir='ltr'><strong>iam</strong></span> <span class='ocrx_word' id='word_1_197' title='bbox 737 3665 888 3730; x_wconf 92' lang='lat' dir='ltr'><strong>conditam</strong></span> <span class='ocrx_word' id='word_1_198' title='bbox 904 3673 974 3729; x_wconf 91' lang='lat' dir='ltr'><strong>ante</strong></span> <span class='ocrx_word' id='word_1_199' title='bbox 991 3663 1200 3751; x_wconf 80' lang='lat' dir='ltr'><strong>Olympiadem</strong></span> <span class='ocrx_word' id='word_1_200' title='bbox 1214 3663 1301 3743; x_wconf 80' lang='lat' dir='ltr'><strong>Xlll,</strong></span> <span class='ocrx_word' id='word_1_201' title='bbox 1316 3685 1378 3750; x_wconf 90' lang='lat' dir='ltr'><strong>qno</strong></span> <span class='ocrx_word' id='word_1_202' title='bbox 1393 3669 1467 3728; x_wconf 91' lang='lat' dir='ltr'><strong>tem-</strong></span> 
     </span>
     <span class='ocr_line' id='line_1_24' title="bbox 145 3764 1464 3854; baseline 0.001 -25"><span class='ocrx_word' id='word_1_203' title='bbox 145 3783 215 3848; x_wconf 88' lang='lat' dir='ltr'><strong>pore</strong></span> <span class='ocrx_word' id='word_1_204' title='bbox 240 3765 343 3830; x_wconf 88' lang='lat' dir='ltr'><strong>urbem</strong></span> <span class='ocrx_word' id='word_1_205' title='bbox 367 3765 493 3830; x_wconf 88' lang='lat' dir='ltr'><strong>traditur</strong></span> <span class='ocrx_word' id='word_1_206' title='bbox 514 3765 643 3831; x_wconf 88' lang='lat' dir='ltr'><strong>Zanclen</strong></span> <span class='ocrx_word' id='word_1_207' title='bbox 665 3767 695 3830; x_wconf 92' lang='lat' dir='ltr'><strong>in</strong></span> <span class='ocrx_word' id='word_1_208' title='bbox 718 3766 823 3831; x_wconf 90' lang='lat' dir='ltr'><strong>Sicilia</strong></span> <span class='ocrx_word' id='word_1_209' title='bbox 843 3767 993 3832; x_wconf 85' lang='lat' dir='ltr'><strong>coloniam</strong></span> <span class='ocrx_word' id='word_1_210' title='bbox 1016 3767 1160 3833; x_wconf 83' lang='lat' dir='ltr'><strong>fundasse</strong></span> <span class='ocrx_word' id='word_1_211' title='bbox 1183 3766 1325 3854; x_wconf 84' lang='lat' dir='ltr'><strong>(Thucid.</strong></span> <span class='ocrx_word' id='word_1_212' title='bbox 1348 3764 1395 3841; x_wconf 82' lang='lat' dir='ltr'><strong>vt,</strong></span> <span class='ocrx_word' id='word_1_213' title='bbox 1420 3765 1464 3850; x_wconf 83' lang='lat' dir='ltr'><strong>t).</strong></span> 
     </span>
     <span class='ocr_line' id='line_1_25' title="bbox 145 3865 1466 3958; baseline 0.003 -28"><span class='ocrx_word' id='word_1_214' title='bbox 145 3865 298 3934; x_wconf 88' lang='lat' dir='ltr'><strong>Cumanae</strong></span> <span class='ocrx_word' id='word_1_215' title='bbox 319 3866 531 3956; x_wconf 89' lang='lat' dir='ltr'><strong>inscriptiones</strong></span> <span class='ocrx_word' id='word_1_216' title='bbox 555 3876 625 3934; x_wconf 91' lang='lat' dir='ltr'><strong>sunt</strong></span> <span class='ocrx_word' id='word_1_217' title='bbox 646 3871 743 3958; x_wconf 77' lang='lat' dir='ltr'><strong>primo</strong></span> <span class='ocrx_word' id='word_1_218' title='bbox 766 3890 847 3955; x_wconf 88' lang='lat' dir='ltr'><strong>quac</strong></span> <span class='ocrx_word' id='word_1_219' title='bbox 869 3871 1010 3955; x_wconf 83' lang='lat' dir='ltr'><strong>leguntur</strong></span> <span class='ocrx_word' id='word_1_220' title='bbox 1033 3871 1062 3936; x_wconf 95' lang='lat' dir='ltr'><strong>in</strong></span> <span class='ocrx_word' id='word_1_221' title='bbox 1086 3871 1232 3945; x_wconf 89' lang='lat' dir='ltr'><strong>nummis,</strong></span> <span class='ocrx_word' id='word_1_222' title='bbox 1256 3867 1364 3934; x_wconf 92' lang='lat' dir='ltr'><strong>deinde</strong></span> <span class='ocrx_word' id='word_1_223' title='bbox 1385 3888 1466 3955; x_wconf 92' lang='lat' dir='ltr'><strong>quae</strong></span> 
     </span>
    </p>
   </div>
   <div class='ocr_carea' id='block_1_7' title="bbox 20 3967 1464 4060">
    <p class='ocr_par' dir='ltr' id='par_1_9' title="bbox 20 3967 1464 4060">
     <span class='ocr_line' id='line_1_26' title="bbox 20 3967 1464 4060; baseline 0.003 -26"><span class='ocrx_word' id='word_1_224' title='bbox 20 3967 21 3974; x_wconf 68' lang='lat'><em>&#39;</em></span> <span class='ocrx_word' id='word_1_225' title='bbox 146 3969 213 4037; x_wconf 89' lang='lat' dir='ltr'><strong>olim</strong></span> <span class='ocrx_word' id='word_1_226' title='bbox 235 3978 387 4058; x_wconf 87' lang='lat' dir='ltr'><strong>repertae,</strong></span> <span class='ocrx_word' id='word_1_227' title='bbox 412 3978 472 4037; x_wconf 94' lang='lat' dir='ltr'><strong>tum</strong></span> <span class='ocrx_word' id='word_1_228' title='bbox 490 3971 522 4037; x_wconf 91' lang='lat' dir='ltr'><strong>in</strong></span> <span class='ocrx_word' id='word_1_229' title='bbox 542 3991 636 4038; x_wconf 88' lang='lat' dir='ltr'><strong>aeneo</strong></span> <span class='ocrx_word' id='word_1_230' title='bbox 656 3993 727 4038; x_wconf 90' lang='lat' dir='ltr'><strong>vase</strong></span> <span class='ocrx_word' id='word_1_231' title='bbox 743 3974 913 4059; x_wconf 87' lang='lat' dir='ltr'><strong>insculptae</strong></span> <span class='ocrx_word' id='word_1_232' title='bbox 932 3972 1037 4060; x_wconf 87' lang='lat' dir='ltr'><strong>[Corp.</strong></span> <span class='ocrx_word' id='word_1_233' title='bbox 1054 3974 1147 4038; x_wconf 90' lang='lat' dir='ltr'><strong>inser.</strong></span> <span class='ocrx_word' id='word_1_234' title='bbox 1162 3992 1208 4056; x_wconf 77' lang='lat' dir='ltr'><strong>gr.</strong></span> <span class='ocrx_word' id='word_1_235' title='bbox 1225 3973 1253 4049; x_wconf 90' lang='lat' dir='ltr'><strong>l,</strong></span> <span class='ocrx_word' id='word_1_236' title='bbox 1270 3993 1299 4058; x_wconf 90' lang='lat' dir='ltr'><strong>p.</strong></span> <span class='ocrx_word' id='word_1_237' title='bbox 1316 3970 1384 4055; x_wconf 77' lang='lat' dir='ltr'><strong>ta),</strong></span> <span class='ocrx_word' id='word_1_238' title='bbox 1402 3979 1464 4038; x_wconf 93' lang='lat' dir='ltr'><strong>tum</strong></span> 
     </span>
    </p>
   </div>
   <div class='ocr_carea' id='block_1_8' title="bbox 144 4073 1532 4573">
    <p class='ocr_par' dir='ltr' id='par_1_10' title="bbox 144 4073 1532 4573">
     <span class='ocr_line' id='line_1_27' title="bbox 146 4073 1465 4162; baseline 0.002 -26"><span class='ocrx_word' id='word_1_239' title='bbox 146 4073 173 4138; x_wconf 93' lang='lat' dir='ltr'><strong>in</strong></span> <span class='ocrx_word' id='word_1_240' title='bbox 190 4073 310 4160; x_wconf 79' lang='lat' dir='ltr'><strong>lecytho</strong></span> <span class='ocrx_word' id='word_1_241' title='bbox 328 4082 467 4141; x_wconf 88' lang='lat' dir='ltr'><strong>cretaceo</strong></span> <span class='ocrx_word' id='word_1_242' title='bbox 483 4074 610 4161; x_wconf 82' lang='lat' dir='ltr'><strong>graphio</strong></span> <span class='ocrx_word' id='word_1_243' title='bbox 627 4081 748 4142; x_wconf 84' lang='lat' dir='ltr'><strong>notatae</strong></span> <span class='ocrx_word' id='word_1_244' title='bbox 768 4075 860 4161; x_wconf 83' lang='lat' dir='ltr'><strong>(Ball.</strong></span> <span class='ocrx_word' id='word_1_245' title='bbox 876 4075 959 4143; x_wconf 91' lang='lat' dir='ltr'><strong>arch.</strong></span> <span class='ocrx_word' id='word_1_246' title='bbox 975 4096 1064 4162; x_wconf 92' lang='lat' dir='ltr'><strong>neap.</strong></span> <span class='ocrx_word' id='word_1_247' title='bbox 1080 4077 1111 4154; x_wconf 89' lang='lat'><strong>1,</strong></span> <span class='ocrx_word' id='word_1_248' title='bbox 1128 4075 1200 4159; x_wconf 72' lang='lat'><strong>20),</strong></span> <span class='ocrx_word' id='word_1_249' title='bbox 1217 4080 1248 4140; x_wconf 89' lang='lat' dir='ltr'><strong>et</strong></span> <span class='ocrx_word' id='word_1_250' title='bbox 1263 4074 1301 4139; x_wconf 91' lang='lat' dir='ltr'><strong>ab</strong></span> <span class='ocrx_word' id='word_1_251' title='bbox 1317 4073 1465 4139; x_wconf 77' lang='lat' dir='ltr'><strong>Arellioio</strong></span> 
     </span>
     <span class='ocr_line' id='line_1_28' title="bbox 144 4176 1532 4265; baseline -0.002 -24"><span class='ocrx_word' id='word_1_252' title='bbox 144 4177 240 4244; x_wconf 87' lang='lat' dir='ltr'><strong>editae</strong></span> <span class='ocrx_word' id='word_1_253' title='bbox 259 4177 350 4261; x_wconf 86' lang='lat' dir='ltr'><strong>(Bull.</strong></span> <span class='ocrx_word' id='word_1_254' title='bbox 368 4177 453 4244; x_wconf 88' lang='lat' dir='ltr'><strong>arch.</strong></span> <span class='ocrx_word' id='word_1_255' title='bbox 470 4195 556 4262; x_wconf 86' lang='lat' dir='ltr'><strong>neap.</strong></span> <span class='ocrx_word' id='word_1_256' title='bbox 573 4176 626 4257; x_wconf 86' lang='lat' dir='ltr'><strong>Vl,</strong></span> <span class='ocrx_word' id='word_1_257' title='bbox 644 4185 702 4244; x_wconf 87' lang='lat' dir='ltr'><strong>tav.</strong></span> <span class='ocrx_word' id='word_1_258' title='bbox 719 4179 844 4264; x_wconf 79' lang='lat' dir='ltr'><strong>d&#39;agg.).</strong></span> <span class='ocrx_word' id='word_1_259' title='bbox 860 4177 915 4243; x_wconf 87' lang='lat' dir='ltr'><strong>His</strong></span> <span class='ocrx_word' id='word_1_260' title='bbox 932 4186 1128 4244; x_wconf 89' lang='lat' dir='ltr'><strong>accesserunt</strong></span> <span class='ocrx_word' id='word_1_261' title='bbox 1145 4179 1251 4265; x_wconf 91' lang='lat' dir='ltr'><strong>nuperi</strong></span> <span class='ocrx_word' id='word_1_262' title='bbox 1266 4177 1326 4243; x_wconf 91' lang='lat' dir='ltr'><strong>duo</strong></span> <span class='ocrx_word' id='word_1_263' title='bbox 1340 4176 1418 4241; x_wconf 90' lang='lat' dir='ltr'><strong>tituli</strong></span> <span class='ocrx_word' id='word_1_264' title='bbox 1433 4177 1463 4242; x_wconf 91' lang='lat' dir='ltr'><strong>in</strong></span> <span class='ocrx_word' id='word_1_265' title='bbox 1531 4235 1532 4238; x_wconf 74' lang='grc'>,</span> 
     </span>
     <span class='ocr_line' id='line_1_29' title="bbox 144 4279 1464 4367; baseline 0 -23"><span class='ocrx_word' id='word_1_266' title='bbox 144 4281 225 4346; x_wconf 82' lang='lat' dir='ltr'><strong>stetis</strong></span> <span class='ocrx_word' id='word_1_267' title='bbox 244 4302 281 4348; x_wconf 86' lang='lat' dir='ltr'><strong>er</strong></span> <span class='ocrx_word' id='word_1_268' title='bbox 300 4280 401 4367; x_wconf 88' lang='lat' dir='ltr'><strong>topho,</strong></span> <span class='ocrx_word' id='word_1_269' title='bbox 420 4300 495 4367; x_wconf 86' lang='lat' dir='ltr'><strong>quos</strong></span> <span class='ocrx_word' id='word_1_270' title='bbox 511 4281 643 4365; x_wconf 83' lang='lat' dir='ltr'><strong>vulgarit</strong></span> <span class='ocrx_word' id='word_1_271' title='bbox 665 4282 863 4347; x_wconf 91' lang='lat' dir='ltr'><strong>lllinervinius</strong></span> <span class='ocrx_word' id='word_1_272' title='bbox 888 4281 962 4366; x_wconf 79' lang='lat' dir='ltr'><strong>(tab.</strong></span> <span class='ocrx_word' id='word_1_273' title='bbox 979 4279 1034 4366; x_wconf 82' lang='lat' dir='ltr'><strong>V),</strong></span> <span class='ocrx_word' id='word_1_274' title='bbox 1057 4301 1188 4367; x_wconf 88' lang='lat' dir='ltr'><strong>cumque</strong></span> <span class='ocrx_word' id='word_1_275' title='bbox 1210 4280 1256 4346; x_wconf 91' lang='lat' dir='ltr'><strong>his</strong></span> <span class='ocrx_word' id='word_1_276' title='bbox 1279 4280 1464 4345; x_wconf 90' lang='lat' dir='ltr'><strong>imminutam</strong></span> 
     </span>
     <span class='ocr_line' id='line_1_30' title="bbox 147 4381 1463 4472; baseline 0.002 -26"><span class='ocrx_word' id='word_1_277' title='bbox 147 4381 327 4468; x_wconf 79' lang='lat' dir='ltr'><strong>epigraphen</strong></span> <span class='ocrx_word' id='word_1_278' title='bbox 350 4384 478 4472; x_wconf 78' lang='lat' dir='ltr'><strong>graphio</strong></span> <span class='ocrx_word' id='word_1_279' title='bbox 501 4391 633 4450; x_wconf 87' lang='lat' dir='ltr'><strong>notatam</strong></span> <span class='ocrx_word' id='word_1_280' title='bbox 656 4383 685 4450; x_wconf 94' lang='lat' dir='ltr'><strong>in</strong></span> <span class='ocrx_word' id='word_1_281' title='bbox 709 4405 779 4449; x_wconf 90' lang='lat' dir='ltr'><strong>vase</strong></span> <span class='ocrx_word' id='word_1_282' title='bbox 802 4393 951 4451; x_wconf 89' lang='lat' dir='ltr'><strong>cretaceo.</strong></span> <span class='ocrx_word' id='word_1_283' title='bbox 975 4384 1226 4471; x_wconf 91' lang='lat' dir='ltr'><strong>lnscriptionibus</strong></span> <span class='ocrx_word' id='word_1_284' title='bbox 1248 4381 1384 4449; x_wconf 90' lang='lat' dir='ltr'><strong>cumanis</strong></span> <span class='ocrx_word' id='word_1_285' title='bbox 1406 4384 1463 4449; x_wconf 91' lang='lat' dir='ltr'><strong>ad·</strong></span> 
     </span>
     <span class='ocr_line' id='line_1_31' title="bbox 146 4483 1465 4573; baseline 0.002 -25"><span class='ocrx_word' id='word_1_286' title='bbox 146 4485 255 4556; x_wconf 83' lang='lat' dir='ltr'><strong>dantur</strong></span> <span class='ocrx_word' id='word_1_287' title='bbox 276 4495 392 4572; x_wconf 90' lang='lat' dir='ltr'><strong>oportet</strong></span> <span class='ocrx_word' id='word_1_288' title='bbox 414 4507 492 4573; x_wconf 87' lang='lat' dir='ltr'><strong>quac</strong></span> <span class='ocrx_word' id='word_1_289' title='bbox 510 4489 540 4552; x_wconf 92' lang='lat' dir='ltr'><strong>in</strong></span> <span class='ocrx_word' id='word_1_290' title='bbox 556 4488 685 4553; x_wconf 89' lang='lat' dir='ltr'><strong>nummis</strong></span> <span class='ocrx_word' id='word_1_291' title='bbox 704 4487 892 4554; x_wconf 90' lang='lat' dir='ltr'><strong>coloniarum</strong></span> <span class='ocrx_word' id='word_1_292' title='bbox 910 4487 1154 4554; x_wconf 89' lang='lat' dir='ltr'><strong>Chalcidensium</strong></span> <span class='ocrx_word' id='word_1_293' title='bbox 1171 4488 1200 4550; x_wconf 90' lang='lat' dir='ltr'><strong>in</strong></span> <span class='ocrx_word' id='word_1_294' title='bbox 1215 4486 1301 4551; x_wconf 88' lang='lat' dir='ltr'><strong>ltalia</strong></span> <span class='ocrx_word' id='word_1_295' title='bbox 1315 4492 1345 4551; x_wconf 89' lang='lat' dir='ltr'><strong>et</strong></span> <span class='ocrx_word' id='word_1_296' title='bbox 1359 4483 1465 4551; x_wconf 89' lang='lat' dir='ltr'><strong>Sicilia</strong></span> 
     </span>
    </p>
   </div>
   <div class='ocr_carea' id='block_1_9' title="bbox 15 4585 1464 4678">
    <p class='ocr_par' dir='ltr' id='par_1_11' title="bbox 15 4585 1464 4678">
     <span class='ocr_line' id='line_1_32' title="bbox 15 4585 1464 4678; baseline 0.002 -28"><span class='ocrx_word' id='word_1_297' title='bbox 15 4609 25 4629; x_wconf 95' lang='lat'><strong>·</strong></span> <span class='ocrx_word' id='word_1_298' title='bbox 146 4585 306 4654; x_wconf 83' lang='lat' dir='ltr'><strong>hahentur:</strong></span> <span class='ocrx_word' id='word_1_299' title='bbox 319 4589 374 4654; x_wconf 88' lang='lat' dir='ltr'><strong>hae</strong></span> <span class='ocrx_word' id='word_1_300' title='bbox 388 4610 459 4656; x_wconf 90' lang='lat' dir='ltr'><strong>vero</strong></span> <span class='ocrx_word' id='word_1_301' title='bbox 473 4596 542 4656; x_wconf 90' lang='lat' dir='ltr'><strong>sunt</strong></span> <span class='ocrx_word' id='word_1_302' title='bbox 551 4590 705 4678; x_wconf 87' lang='lat' dir='ltr'><strong>Neapolis,</strong></span> <span class='ocrx_word' id='word_1_303' title='bbox 716 4592 852 4676; x_wconf 81' lang='lat' dir='ltr'><strong>Regium,</strong></span> <span class='ocrx_word' id='word_1_304' title='bbox 863 4591 979 4667; x_wconf 87' lang='lat' dir='ltr'><strong>Zancle,</strong></span> <span class='ocrx_word' id='word_1_305' title='bbox 989 4590 1138 4670; x_wconf 84' lang='lat' dir='ltr'><strong>Messana,</strong></span> <span class='ocrx_word' id='word_1_306' title='bbox 1147 4589 1287 4667; x_wconf 80' lang='lat' dir='ltr'><strong>Naxium,</strong></span> <span class='ocrx_word' id='word_1_307' title='bbox 1298 4587 1464 4667; x_wconf 87' lang='lat' dir='ltr'><strong>Leontium,</strong></span> 
     </span>
    </p>
   </div>
   <div class='ocr_carea' id='block_1_10' title="bbox 1421 4728 1433 4776">
    <p class='ocr_par' dir='ltr' id='par_1_12' title="bbox 1421 4728 1433 4776">
     <span class='ocr_line' id='line_1_33' title="bbox 1421 4728 1433 4776; baseline 0 0"><span class='ocrx_word' id='word_1_308' title='bbox 1421 4728 1433 4776; x_wconf 87' lang='lat' dir='ltr'><strong>l</strong></span> 
     </span>
    </p>
   </div>
   <div class='ocr_carea' id='block_1_11' title="bbox 0 0 1833 5342">
    <p class='ocr_par' dir='ltr' id='par_1_13' title="bbox 0 0 1833 5342">
     <span class='ocr_line' id='line_1_34' title="bbox 0 0 1833 5342; baseline 0 0"><span class='ocrx_word' id='word_1_309' title='bbox 0 0 1833 5342; x_wconf 95' lang='lat' dir='ltr'><strong> </strong></span> 
     </span>
    </p>
   </div>
  </div>
 </body>
</html>
