3650 5342
347 195 381 254 ta

375 307 542 380 hrcbaicae
566 311 799 398 orthographiae
822 311 935 378 indicia
951 319 1022 378 sunt
1036 314 1048 375 i
1065 331 1120 400 pru
1136 335 1151 376 e
1167 312 1269 389 lueri,
1289 287 1448 398 praeterea
1462 313 1615 395 digamma
1628 312 1659 375 in

335 418 490 496 frantiam,
514 418 612 481 tenuis
636 437 689 502 pru
713 415 848 502 aspirata
871 418 899 480 in
924 417 1088 496 Ampiunis,
1111 416 1274 498 llpupraes,
1297 418 1378 488 lleti;
1400 439 1419 478 a
1437 435 1492 501 pru
1510 417 1521 478 i
1537 417 1568 478 in
1589 416 1661 478 One-

336 520 425 594 rumi,
448 523 460 581 i
481 540 535 605 pre
558 541 576 580 u
599 520 645 584 uel
668 541 686 602 p
709 521 738 583 in
762 519 941 603 Uitellium),
964 519 1199 603 ldetilmuceuml.

905 723 990 796 GAP.
1017 721 1106 797 xlx.

814 885 938 929 cenom
954 881 1186 936 utacumnphfei.

341 1041 368 1106 Α
392 1037 420 1099 in
443 1034 595 1118 lapidibus
619 1042 650 1098 et
671 1033 801 1118 nummis
823 1037 956 1100 romanis
985 1037 1134 1120 (excepta
1155 1055 1230 1100 vnce
1252 1035 1360 1118 ficana)
1390 1034 1479 1099 unice
1502 1033 1666 1098 adhibetur

383 1145 443 1202 tutu
466 1138 588 1204 saecule
611 1146 696 1203 sexto
720 1146 751 1201 et
773 1136 932 1222 deinceps:
956 1140 985 1202 in
1005 1137 1134 1212 numinis
1152 1138 1255 1202 latinis
1273 1137 1465 1222 frequentior,
1477 1137 1514 1199 in
1534 1136 1666 1200 nummis

288 1262 293 1276 ·
383 1242 570 1306 coloniarum
594 1239 681 1304 inferi
706 1239 797 1306 maris
822 1262 899 1326 pene
923 1244 1013 1307 unice
1036 1262 1096 1306 uno
1119 1250 1172 1307 aut
1192 1240 1287 1306 altero
1306 1240 1445 1324 exemplo
1464 1240 1614 1324 exceptis,
1633 1237 1666 1302 in

382 1344 474 1409 titulis
496 1364 568 1410 veru
591 1345 792 1429 praenestinis
815 1344 943 1431 lapideis
967 1344 1129 1430 latinisque
1152 1344 1405 1428 frequentissime.

342 1455 370 1521 Α
395 1449 425 1511 iu
450 1448 542 1512 titulis
566 1466 635 1512 aere
658 1447 761 1514 incisis
784 1449 917 1533 itemque
940 1450 1044 1533 pictis,
1069 1452 1096 1512 in
1121 1448 1213 1512 titulis
1238 1447 1340 1512 latinis
1361 1445 1557 1522 Sabinorum,
1583 1446 1667 1510 llar-

383 1571 501 1625 surum,
525 1549 739 1636 Capenatium,
765 1550 968 1626 Faliscorum,
992 1551 1217 1617 Pisaurensium
1240 1552 1352 1637 passim
1376 1557 1564 1636 usurpatur:
1593 1545 1666 1612 item

384 1653 415 1717 in
439 1655 566 1718 nummis
588 1651 716 1738 Apuliae
739 1659 769 1718 et
791 1653 924 1718 numanis
947 1649 1140 1740 Campaniae.
1226 1681 1231 1691 s

343 1757 519 1828 ltsaeculu
550 1762 682 1820 extremo
713 1754 817 1840 quintu
848 1763 879 1820 et
907 1756 1010 1822 media
1038 1763 1123 1843 parte
1152 1758 1227 1822 sexti
1251 1765 1297 1821 est
1319 1775 1393 1821 usus
1416 1756 1479 1820 fere
1502 1751 1668 1840 promiscui

385 1879 454 1924 cum
477 1864 504 1929 Α
528 1859 557 1922 in
574 1858 660 1923 urbis
677 1855 798 1923 nomine
814 1861 903 1924 Romu
920 1861 1049 1926 nummis
1064 1861 1222 1947 inscripta.
1238 1860 1283 1924 hh
1301 1879 1327 1924 a.
1343 1860 1461 1924 circiter
1477 1863 1537 1921 560
1553 1858 1590 1921 ad
1607 1861 1669 1920 580

386 1961 475 2026 huius
493 1959 605 2026 ferinae
622 1969 650 2034 Λ
667 1963 761 2027 maior
777 1969 823 2027 est
839 1975 1001 2037 numerum,
1017 1962 1117 2027 media
1132 1964 1199 2049 plus
1217 1969 1319 2048 parte,
1335 1983 1424 2047 quam
1443 1967 1479 2030 Α.
1503 1959 1548 2024 hb
1564 1979 1590 2023 a.
1608 1964 1669 2023 580

386 2064 424 2128 ad
448 2068 507 2128 610
531 2082 598 2128 raro
623 2072 786 2148 usurpatur
809 2072 855 2138 Λ,
880 2073 1041 2150 cessatque
1065 2072 1132 2151 pust
1155 2086 1221 2130 earn
1244 2073 1385 2135 aetatem.

297 2202 300 2210 ·
343 2166 520 2239 Asaeculn
544 2167 627 2232 urbis
651 2169 755 2252 quinto
778 2170 917 2252 usurpari
934 2172 1057 2254 coepit,
1083 2189 1137 2234 nec
1160 2168 1211 2232 diu
1230 2171 1356 2245 mansit,
1374 2187 1499 2254 perraro
1518 2173 1587 2252 pust
1603 2185 1667 2230 me·

387 2269 468 2334 dium
492 2269 646 2334 saeculum
671 2278 787 2334 sextum
811 2270 983 2336 adhibetur.

352 2375 395 2447 0,
420 2376 466 2448 c,
490 2379 516 2446 G
543 2372 660 2438 litterae
684 2394 756 2437 usus
780 2373 886 2457 incipit
901 2374 982 2438 circa
997 2374 1127 2438 medium
1144 2375 1295 2439 saeculum
1312 2377 1457 2458 quintum,
1476 2372 1672 2458 praevalente

388 2474 486 2540 adbuc
508 2476 607 2540 littera
630 2481 651 2546 (
675 2496 729 2562 pru
753 2475 783 2550 h,
806 2497 841 2554 q,
864 2498 887 2538 c.

351 2583 372 2648 t<
396 2577 501 2664 incipit
522 2600 547 2643 c.
571 2598 598 2642 a.
626 2583 702 2654 500,
728 2587 758 2642 et
780 2578 941 2644 adhibetur
965 2580 1027 2645 iere
1050 2584 1138 2646 unice
1161 2588 1231 2645 ante
1249 2582 1378 2645 litteram
1398 2586 1424 2651 Α
1448 2581 1571 2644 saeculo
1586 2587 1673 2644 sextu

391 2687 421 2744 et
442 2682 582 2767 septimo.

351 2787 369 2853 l
393 2805 465 2848 usus
488 2785 631 2849 solemnis
655 2791 755 2849 cessat
777 2784 840 2848 fere
862 2786 986 2850 saeculo
1008 2794 1106 2851 sextu:
1128 2787 1210 2863 ,ultra
1232 2788 1298 2853 a'am
1322 2794 1450 2852 aetatem
1467 2786 1629 2854 adhibetur
1644 2787 1674 2849 in

393 2888 575 2972 quibusdam
595 2887 688 2952 titulis
705 2888 732 2950 in
751 2886 870 2952 Etruria
888 2890 1048 2974 insculptis
1065 2898 1094 2953 ct
1110 2887 1276 2973 aliquando
1294 2889 1324 2953 in
1339 2892 1467 2954 numinis
1483 2890 1675 2955 familiarum.

352 3001 376 3070 t
400 2991 517 3056 inediae
540 2991 651 3054 formae
674 2997 743 3054 ante
766 2991 922 3056 saeculum
945 2999 1060 3056 sextum
1086 3013 1143 3056 nun
1169 3001 1341 3077 usurpatur.

353 3102 375 3165 t.
398 3095 547 3178 quadrata
565 3092 652 3157 initio
670 3102 797 3178 apparet
815 3093 931 3158 saecuti
950 3096 1040 3168 sexti,
1056 3095 1456 3182 adhibeturquelidentidem
1472 3117 1540 3160 eum
1559 3098 1569 3157 l
1585 3104 1676 3161 acuta

391 3205 421 3260 et
436 3197 552 3260 mediae
569 3197 681 3261 fornice
700 3215 755 3280 per
767 3196 923 3260 saeculum
936 3204 1070 3274 sextum3
1086 3199 1208 3263 saeculo
1221 3205 1322 3262 autem
1337 3197 1465 3282 septimo
1478 3201 1545 3264 sula
1557 3207 1675 3284 regnat.

350 3305 400 3374 0,
425 3299 520 3380 viguit
542 3299 664 3364 saeculo
687 3306 794 3382 quartu
817 3306 846 3362 et
870 3297 994 3384 quintu,
1017 3300 1152 3364 obsoleta
1174 3302 1285 3374 fornia,
1309 3308 1375 3383 pust
1398 3321 1464 3366 earn
1487 3309 1628 3366 aetatem.

354 3409 380 3472 Π
407 3403 585 3486 quadratum
604 3422 670 3466 raro
687 3403 716 3464 iu
733 3400 884 3487 lapidibus
900 3411 1064 3488 usurpatur
1079 3404 1201 3474 sacculo
1218 3404 1323 3487 quinto
1336 3411 1367 3466 et
1379 3409 1478 3467 sextu:
1492 3405 1522 3467 in
1535 3407 1677 3476 nummis,

392 3504 523 3590 poculis,
549 3505 691 3584 vasculis,
715 3505 926 3589 similibusque
950 3507 1039 3570 etiam
1060 3505 1182 3571 saeculo
1202 3505 1329 3589 septimo
1350 3513 1485 3571 vertente
1503 3506 1676 3572 adhibetur.

352 3612 382 3682 Ρ
410 3608 513 3672 lunula
536 3607 636 3672 hiante
659 3609 828 3673 communis
851 3605 897 3672 'est
920 3611 1043 3673 saeculo
1066 3608 1188 3694 quintu,
1211 3616 1296 3674 sexto
1319 3617 1350 3673 et
1370 3611 1510 3692 septimo.

355 3722 375 3787 Ρ
398 3717 535 3783 clausum
561 3736 618 3780 nun
644 3735 711 3781 raro
735 3721 862 3800 apparet
885 3715 1009 3779 saeculo
1032 3717 1137 3801 quinto
1160 3727 1191 3779 et
1213 3724 1314 3791 sexte,
1343 3718 1408 3782 aius
1435 3716 1579 3800 frequens
1602 3737 1678 3782 usus

392 3820 513 3885 saeculo
533 3821 660 3906 septimo
685 3826 739 3884 est.

352 3931 375 3996 Υ
399 3923 536 3987 adhiberi
567 3931 693 4009 coeptus
722 3924 821 3987 estin
846 3923 953 4004 paucis
982 3929 1079 3986 aetate
1102 3923 1241 3999 sullana,
1271 3943 1339 3986 cum
1363 3929 1451 3985 antea
1473 3928 1497 3991 ll
1521 3921 1587 3987 eius
1611 3922 1681 3987 loce

394 4034 594 4111 usurparetur
616 4026 662 4089 vel
688 4035 712 4102 t,
736 4045 815 4112 quae
839 4026 1030 4090 consuetudo
1053 4023 1173 4090 mansit.

274 4128 277 4142 '
351 4129 482 4195 Litterae
505 4128 637 4195 initiales
660 4132 690 4194 in
715 4131 808 4194 titulis
831 4130 870 4192 ad
893 4135 1021 4192 aetatem
1046 4148 1141 4212 usque
1165 4138 1360 4211 augusteam,
1381 4129 1554 4212 integrique
1573 4149 1682 4214 versus

395 4233 490 4297 forma
512 4253 604 4317 super
626 4241 743 4298 ceteras
766 4233 881 4296 litteras
905 4232 1068 4305 eminente,
1093 4232 1215 4296 saecule
1239 4240 1324 4295 sexto
1342 4239 1372 4294 et
1389 4230 1520 4316 septimo
1539 4251 1683 4296 nunnun-

395 4355 486 4420 quam
511 4343 683 4420 usurpatur.
1135 4413 1138 4424 Ι

354 4436 475 4504 Numeri
499 4437 704 4504 subtractione
727 4435 824 4520 magis
850 4455 940 4520 quam
963 4436 1118 4501 additione
1141 4437 1269 4520 signati:
1299 4435 1370 4501 iude
1392 4444 1478 4501 ortae
1499 4437 1616 4502 formae
1641 4445 1685 4515 tl,

398 4547 444 4622 l,
471 4546 508 4618 h,
533 4555 582 4620 ll),
611 4551 658 4609 Ι.
