3650 5342
355 270 374 328 2

342 393 475 468 Himera,
487 393 597 480 quibus
610 413 648 460 ex
658 396 856 460 monumentis
869 393 1062 481 alphabetum
1075 395 1149 460 illud
1159 395 1400 482 Chalcidensium
1414 397 1575 482 colligitur,
1584 399 1666 485 quopl

343 494 453 584 priscis
474 495 588 564 Latinis
612 498 752 563 traditum
777 497 846 564 dixi.
871 497 1046 564 latinorum
1070 518 1147 584 quac
1168 500 1383 565 verosimiliter
1404 503 1605 567 vetustissima
1621 503 1667 566 iu·

343 601 481 667 dicautur
501 607 607 686 quarto
630 608 660 665 et
682 602 787 686 quinto
804 599 989 688 reipublicae
1005 602 1128 668 saeculo
1144 601 1346 682 continentur;
1366 623 1464 689 neque
1483 605 1563 668 enim
1578 604 1668 670 altius

346 712 484 790 repetere
501 709 554 769 cst.
574 702 652 769 Sunt
669 723 740 769 uero
755 704 834 770 aeris
856 705 957 788 gravis
980 706 1092 771 nummi
1116 705 1177 771 lluti
1201 712 1270 770 ante
1293 726 1402 770 annum
1427 728 1455 771 u.
1474 727 1501 771 c.
1523 711 1592 772 tae.
1614 708 1667 772 llst

346 807 434 872 etiarn
452 807 564 873 lamina
580 826 675 872 aenea
691 807 831 893 utrinque
845 810 960 895 scripta
977 810 1019 893 (n.
1035 812 1095 873 att
1108 831 1135 884 a,
1148 810 1196 893 h);
1219 816 1290 874 sunt
1306 816 1336 874 et
1351 809 1427 875 tituli
1444 809 1560 895 aliquot
1574 829 1667 895 prae·

344 911 463 986 maslini,
489 917 518 975 et
541 908 753 996 inscriptiones
776 911 804 974 in
827 911 931 976 aeneis
955 909 1108 991 cistis,‘in
1132 912 1275 998 speculis,
1297 912 1326 976 in
1350 911 1480 978 nummis
1497 912 1621 990 incisae,
1637 921 1668 976 et

343 1011 465 1079 aliunde
488 1012 564 1078 aliae
588 1011 749 1076 nonnullae
774 1012 820 1077 bis
843 1020 942 1078 aetate
964 1016 1141 1100 proximae,
1165 1015 1210 1078 vel
1234 1012 1394 1098 aequales,
1418 1013 1528 1099 quibus
1551 1013 1668 1080 collatis

345 1135 411 1180 cum
435 1115 571 1189 Graecis,
595 1115 764 1179 luculenter
785 1123 913 1202 apparet
931 1118 1011 1202 quod
1031 1119 1228 1201 anquirimus
1246 1117 1395 1182 elementa
1412 1113 1496 1181 latini
1516 1116 1666 1202 alphabeti

344 1217 584 1285 Chalcidensium
609 1217 794 1284 litteraturae
817 1220 1012 1305 respondere,
1035 1219 1168 1306 indeque
1191 1219 1261 1286 olim
1284 1240 1351 1286 esse
1374 1221 1519 1285 derivata.

933 1460 1018 1534 GAP.
1046 1459 1086 1534 ll.

656 1661 691 1704 uo
708 1659 799 1706 torma
816 1656 973 1705 litterarum
990 1655 1173 1704 securissimo
1190 1663 1217 1702 ec
1233 1667 1358 1706 numero.

385 1843 514 1910 Litterae
538 1841 631 1928 igitur
654 1863 732 1928 quae
755 1863 793 1908 ex
815 1842 981 1908 numeratis
1004 1842 1205 1908 monumentis
1223 1843 1408 1926 colliguntur
1425 1841 1482 1906 bae
1501 1842 1563 1906 lere
1582 1848 1667 1915 sunt,

343 1965 422 2034 quae
444 1965 505 2032 qua
528 1947 621 2012 lornra
644 1951 864 2033 apparuerunt,
889 1963 988 2031 quove
1011 1943 1139 2031 primum
1164 1953 1297 2031 tempore
1319 1944 1494 2010 immutatae
1517 1951 1587 2008 suut
1610 1942 1669 2006 hoc

344 2049 411 2116 loco
428 2049 601 2126 docebitur.
748 2117 752 2126 ,

430 2154 475 2232 Α.
497 2149 598 2216 Habet
620 2150 676 2215 bac
699 2151 793 2215 lorrna
816 2152 1015 2233 fragmentum
1039 2169 1151 2214 aeneae
1168 2151 1313 2226 laminae,
1329 2157 1436 2235 estque
1455 2151 1483 2212 in
1502 2168 1569 2214 asse
1587 2147 1669 2213 aeris

344 2254 444 2337 gravis
466 2273 534 2319 cum
557 2252 722 2340 epigraphe
748 2253 896 2333 eolla,
920 2253 1111 2338 occurritque
1131 2252 1160 2316 in
1178 2272 1308 2317 cumana
1330 2251 1406 2317 stela
1429 2250 1669 2317 Democharirlis.

344 2356 417 2422 lude
440 2363 510 2421 nata
531 2355 677 2441 parallela
700 2357 799 2422 mealia
821 2355 901 2419 linea
923 2357 960 2420 ad
983 2355 1079 2420 basim
1100 2343 1233 2421 demissa
1256 2363 1284 2428 Λ
1311 2351 1374 2420 lere'
1395 2362 1427 2419 ut
1449 2356 1477 2418 io
1501 2352 1670 2441 phoeniciis

344 2479 380 2524 er
407 2460 446 2544 ⁴5⁵
472 2458 583 2541 angulo
607 2457 730 2524 diducto
751 2460 802 2543 ss.
832 2458 963 2523 Alteram
987 2460 1113 2523 formam
1137 2465 1183 2531 Α,
1208 2459 1288 2523 linea
1310 2464 1501 2531 transversa,
1523 2455 1671 2521 adhibent

344 2563 480 2628 eiusdem
503 2563 612 2626 aetatis
636 2561 746 2627 uunrnri
771 2562 915 2636 cumani,
941 2570 972 2626 et
1001 2562 1138 2647 lecythus
1167 2562 1236 2626 item
1265 2580 1433 2637 cumanus,
1464 2560 1668 2642 fragmentum

345 2666 474 2732 laminae
498 2683 627 2740 aeneae,
650 2664 761 2738 uunrmi
785 2663 945 2730 Nariorum
969 2671 1000 2730 ot
1021 2665 1155 2729 Zancles.

435 2771 473 2850 Β.
495 2766 620 2833 Lamina
635 2785 730 2833 aenea
745 2788 763 2831 o
780 2768 965 2832 imminutam
982 2767 1044 2845 dat,
1060 2768 1207 2850 integram
1223 2787 1274 2831 aes
1291 2785 1383 2851 grave
1398 2764 1625 2841 Luceriuorum‚
1639 2772 1670 2828 et

345 2872 439 2938 stelae
454 2870 684 2959 praenestinae:
701 2891 736 2936 er
755 2869 871 2954 graecis
885 2870 1129 2936 Chalcidensium
1145 2871 1346 2935 monumentis
1363 2870 1481 2934 unicum
1498 2867 1671 2954 exemplum

345 2973 492 3040 habemus
515 2974 544 3039 in
567 2973 654 3061 stela¹
667 2994 795 3040 cumana
809 2974 991 3040 Critobulae.
1013 2973 1179 3059 Utrobique
1194 2972 1347 3038 inlerioris
1363 2971 1487 3038 lunulae
1502 2992 1572 3058 pars
1595 2991 1670 3056 pro-

347 3075 462 3143 minula
483 3084 538 3142 est.

432 3186 464 3266 ζ.
488 3179 553 3245 llao
570 3180 667 3245 lorma
684 3179 850 3258 invenitur3
874 3179 1017 3264 angulata
1040 3179 1130 3244 etiam
1152 3185 1183 3257 <,
1208 3175 1288 3261 quod
1308 3182 1407 3241 tamen
1425 3177 1547 3242 maioris
1563 3176 1674 3242 aetatis

346 3282 487 3348 indicium
521 3303 581 3356 non
612 3288 665 3348 ost.
698 3283 795 3347 Latini
826 3287 951 3346 utuntur
980 3301 1033 3366 pro
1059 3287 1081 3351 Γ
1103 3287 1134 3344 et
1159 3286 1180 3350 Κ
1202 3279 1408 3356 Graecorum3
1439 3279 1508 3342 ilem
1532 3297 1587 3362 pro
1620 3284 1670 3349 ΚΗ

346 3384 447 3450 alllato
463 3385 638 3459 Atticorum,
655 3387 718 3450 sive
734 3387 846 3450 Dorum
864 3391 892 3456 ψ
909 3381 1031 3469 ubique.
1047 3384 1192 3470 Exempla
1208 3393 1278 3448 sunt
1294 3403 1348 3468 pro
1366 3389 1399 3460 Γ,
1418 3387 1671 3457 ΑΕΜΕΜΕΝΟ,

350 3491 596 3566 theoticos,
625 3494 792 3566 nucum
821 3508 876 3573 pro
901 3492 938 3562 Κ,
965 3492 1168 3562 ΠΟΚΟΕΕδ,
1192 3490 1369 3563 nuncet,
1394 3489 1581 3559 nultos,
1607 3490 1672 3555 ht-

346 3593 501 3662 SCthl.
527 3594 764 3662 leonicos,
793 3595 1032 3670 pathmos,
1051 3594 1232 3667 uermes,
1250 3594 1425 3665 (ASTOR,
1443 3593 1674 3666 (nseuretm

346 3715 400 3778 pro
425 3699 474 3764 ΚΗ
500 3693 563 3758 sive
582 3700 628 3769 ψ,
655 3698 844 3793 (RElSlJA,
866 3698 1032 3769 (Rtslnll,
1054 3698 1203 3766 Mllffs:
1229 3713 1283 3758 nec
1301 3693 1388 3758 aliter
1404 3710 1547 3776 unquam.
1564 3691 1675 3774 ltaque

347 3795 422 3861 mire
451 3797 648 3882 prolatumo
677 3797 875 3861 llornmseulo
898 3796 1022 3861 Latinos
1045 3797 1145 3861 littera
1169 3802 1191 3866 Κ
1214 3815 1318 3860 carere
1342 3794 1401 3858 nou
1422 3795 1582 3877 potuisse,
1605 3813 1675 3857 cum

345 3905 449 3965 contra
476 3899 633 3965 uideamus
668 3919 723 3964 noo
752 3901 781 3964 in
809 3900 934 3966 Graecis
967 3901 1088 3986 quidem
1121 3897 1336 3965 transterendis
1367 3918 1419 3963 eos
1448 3918 1486 3962 ea
1512 3917 1584 3961 usos
1611 3896 1674 3961 lere

345 4021 474 4087 unquam
492 4001 594 4066 luisse.
615 4000 717 4080 Quina
738 4022 806 4066 cum
826 4001 948 4088 oppiota
966 4003 1083 4085 virgula
1105 4008 1126 4075 <
1149 4022 1167 4067 a
1188 4009 1216 4075 0
1242 4001 1550 4065 discriminaverunt‘l
1574 4018 1675 4064 nonne

344 4105 373 4168 id
396 4104 504 4169 lesisse
528 4107 719 4190 perspicuum
744 4113 790 4168 est
813 4112 845 4168 ut
867 4126 921 4190 pro
946 4105 1130 4169 Graecorum
1154 4125 1271 4188 gomma
1296 4105 1352 4166 bac
1381 4123 1458 4168 noua
1480 4103 1581 4166 littera
1602 4109 1673 4165 ute·

342 4214 456 4279 rentur.
480 4212 502 4277 <
524 4227 578 4292 pro
599 4212 621 4276 Κ
640 4213 718 4278 eth
742 4212 898 4272 maneret?
926 4208 1033 4291 ltaque
1051 4209 1087 4272 ao
1101 4227 1213 4272 morem
1230 4209 1415 4272 Graecorum
1432 4207 1540 4271 lesisse
1555 4203 1678 4269 ridetur

346 4310 396 4393 ‘tui
423 4315 507 4381 ΚΕΚΙ
536 4315 749 4381 ΠΟΕΟΚΟΜ
774 4311 912 4397 scripsit,
939 4311 1018 4396 quoi
1046 4313 1166 4375 unicum
1185 4310 1332 4374 eiusmodi
1352 4310 1522 4394 exemplum
1541 4308 1677 4382 affertur,

344 4431 401 4477 neo
423 4413 500 4479 forte
522 4422 591 4478 ante
614 4415 769 4478 saeculum
792 4422 919 4478 sextum.

385 4515 431 4580 lle
453 4535 573 4580 nummo
601 4537 669 4582 cum
699 4515 865 4604 epigraphe
896 4522 1078 4589 ΚΟΚΑΝΟ
1107 4515 1258 4603 descripto
1287 4537 1305 4579 a
1334 4519 1439 4582 llicoio
1463 4515 1535 4581 nibil
1559 4534 1678 4594 moror;

345 4616 445 4684 obstat
474 4619 552 4687 enim
575 4626 695 4704 praeter
716 4639 778 4687 rem
801 4619 953 4687 insolitam
977 4627 1005 4682 ot
1029 4638 1187 4685 cumanum
1211 4627 1314 4706 typum
1337 4618 1513 4686 didrachma
1536 4619 1678 4685 eiusdem
