3650 5342
1446 298 1463 353 0

147 424 208 482 toto
229 417 358 482 sesamo
373 415 482 504 quinto
496 424 645 503 usurpata
665 427 727 495 est,
745 417 825 485 unde
848 423 878 482 et
900 421 928 482 ei
951 438 1063 484 nomeu
1085 381 1216 484 inhaesit
1237 419 1476 502 antiquissimae,

148 521 289 605 quamuis
309 521 417 586 eadem
441 526 537 586 aetate
561 526 586 591 A
611 527 785 585 transversa
806 521 886 586 linea
908 521 1091 585 scriberetur
1117 522 1228 605 passim
1259 519 1297 585 ab
1326 520 1475 586 omnibus.
1501 584 1503 587 .

149 622 261 688 llausit
274 629 375 688 autem
394 629 422 695 A
439 624 468 687 in
485 623 613 687 nummis
627 624 830 688 Romanorum
849 643 947 707 usque
960 624 998 688 ad
1013 621 1168 688 dimidium
1189 624 1342 688 saeculum
1360 631 1478 688 sextum

149 726 325 809 praesertim
355 723 388 789 in
422 727 541 790 nomine
573 731 696 798 ROMA
726 727 765 790 ob
795 727 1046 791 cousuetudinem
1079 719 1243 814 iri'duetqm.
1273 725 1410 811 Namque
1439 726 1478 791 ab

150 847 227 892 auno
255 832 315 894 537
346 829 386 894 ad
408 833 476 892 050
505 829 675 912 promiscue
704 829 782 894 adeo
815 836 981 914 usurpatur
1008 830 1038 893 iu
1068 830 1199 892 nummis
1227 827 1422 902 familiarum,
1447 837 1480 892 ut

148 932 287 1017 exempla
309 931 537 1015 quatuordecim
561 930 621 996 sint
643 929 763 996 litterae
787 938 831 1008 Α,
854 931 960 1015 viginti
982 951 1055 996 vero
1078 929 1203 996 alterius
1227 932 1340 996 formae
1364 937 1409 1004 A.
1432 931 1478 994 bb

150 1053 186 1098 ea
207 1053 279 1098 vero
302 1041 402 1099 aetute
426 1038 486 1098 550
505 1034 544 1098 ad
562 1037 632 1108 600,
651 1032 757 1116 viginti
781 1036 914 1120 quinque
937 1035 997 1097 sint
1019 1040 1062 1111 A,
1084 1053 1137 1098 sex
1155 1040 1183 1106 A
1202 1041 1377 1099 occurrant:
1394 1034 1478 1097 deiu-

150 1157 221 1220 ceps
246 1155 320 1202 vcro
349 1142 376 1207 A
408 1144 563 1210 constans,
592 1137 715 1202 alterius
746 1142 773 1208 A
804 1136 918 1202 nullum
949 1136 1118 1222 exemplum
1148 1137 1261 1200 nummi
1291 1135 1477 1201 familiarum

150 1239 318 1323 praebeant
340 1241 370 1303 in
394 1238 452 1310 hoc
474 1238 558 1304 urbis
588 1237 713 1304 nomine
742 1239 948 1304 inscribendo.
979 1238 1052 1316 Cum
1082 1258 1153 1304 uero
1185 1245 1212 1311 A
1243 1237 1273 1302 io
1305 1238 1478 1304 nominibus

150 1343 382 1407 monetariorum
407 1360 597 1407 romanorum
620 1342 775 1424 signandis
798 1335 949 1426 nusqua'm
972 1349 1126 1426 appareat,
1147 1340 1281 1425 itemque
1302 1348 1365 1406 toto
1387 1342 1477 1406 etiam

149 1443 270 1510 saeculo
300 1451 386 1510 sexto
416 1442 447 1508 io
478 1444 601 1526 urbanis
632 1443 832 1509 monumentis
862 1462 921 1508 uon
952 1450 1129 1529 usurpetur,
1151 1442 1222 1508 iude
1252 1462 1341 1528 posse
1369 1444 1478 1509 deduci

149 1545 280 1612 arbitror
301 1547 431 1613 formam
454 1553 483 1620 A
506 1567 542 1612 cx
565 1545 735 1637 italicarum
758 1541 890 1628 gentium
910 1546 1131 1611 cousuetudine
1147 1545 1179 1609 in
1198 1564 1355 1611 romanum
1373 1544 1479 1632 alpha·
1535 1586 1540 1596 ·

148 1648 252 1714 tetum
274 1656 429 1735 receptam
452 1649 553 1726 initio,
577 1649 732 1736 paullatim
756 1649 906 1714 deiectam
929 1655 959 1714 et
974 1650 1174 1728 obliteratam,
1192 1649 1338 1713 mansisse
1354 1649 1477 1713 demum
1580 1727 1585 1736 Ι

145 1753 178 1816 io
202 1751 373 1838 properatis
396 1753 499 1817 formis
522 1771 599 1838 quas
620 1753 758 1818 cursitas
780 1752 918 1818 dicimus.
942 1751 1040 1816 Latini
1057 1754 1086 1818 iu
1105 1753 1233 1818 nummis
1252 1750 1303 1837 qui
1323 1752 1478 1817 saeculum

147 1863 267 1920 sentum
290 1876 349 1920 non
373 1856 525 1922 excedunt
553 1855 617 1920 fere
646 1853 817 1940 promiscue
848 1862 996 1939 usurpant
1024 1863 1183 1940 utramque
1210 1854 1353 1928 formam;
1376 1857 1479 1940 itaque

148 1957 268 2024 litterae
291 1965 318 2030 A
340 1958 525 2040 colliguntur
545 1959 685 2043 exempla
708 1958 813 2042 viginti
836 1958 909 2030 duo,
927 1965 959 2021 at
973 1956 1099 2024 alterius
1116 1964 1144 2030 A
1161 1957 1401 2041 quatuordecim.
1424 1957 1480 2022 Co·
1580 2025 1590 2050 ο

148 2061 248 2126 loniae
270 2079 342 2128 uero
363 2061 454 2126 inferi
476 2062 566 2126 maris
589 2081 648 2126 nou
668 2067 815 2126 nonerunt
830 2062 886 2125 nisi
906 2067 943 2131 A.
966 2062 1000 2124 In
1018 2060 1128 2145 Apulia
1142 2081 1229 2126 usum
1247 2063 1479 2144 frequentiorem
1580 2140 1583 2148 Ι

147 2163 265 2228 litterae
289 2170 318 2236 A
349 2165 461 2229 nummi
492 2165 657 2250 praebent:
690 2166 741 2249 qui
765 2163 836 2228 mibi
860 2163 1055 2229 innotuerunt
1077 2162 1191 2229 habeut
1214 2170 1239 2234 A
1264 2183 1323 2227 noo
1347 2164 1495 2248 amplius⁴

148 2273 274 2350 quater,
298 2272 328 2338 A
352 2285 422 2332 vcro
446 2267 550 2332 novies
574 2275 752 2350 usurpatum
774 2266 846 2330 vidi.

190 2367 268 2432 atus
290 2369 321 2434 iu
344 2371 559 2448 monumentis,
575 2387 654 2453 quas
670 2367 842 2453 antiquiora
857 2389 925 2434 esse
946 2369 977 2433 iu
1000 2374 1156 2453 comperto
1179 2377 1238 2445 est,
1254 2367 1330 2433 baec
1347 2369 1480 2432 notanda

147 2473 229 2536 dost.
254 2472 443 2536 Praenestini
466 2473 496 2536 in
520 2469 769 2557 inscriptionibus
792 2479 822 2536 et
845 2472 875 2536 iu
900 2473 986 2536 stetis
1011 2478 1036 2543 A
1061 2492 1098 2536 ea
1129 2480 1277 2556 usurpant
1299 2473 1478 2546 constantia,

149 2581 182 2639 ut
205 2572 322 2657 ingenti
343 2573 376 2639 iu
397 2586 502 2640 sarum
525 2595 648 2640 urrmero
673 2576 751 2658 (nam
774 2577 810 2640 ad
839 2579 899 2639 trit
916 2575 1006 2640 bodie
1020 2579 1099 2657 sunt]
1117 2575 1223 2640 decem
1240 2581 1269 2638 et
1284 2584 1351 2638 octo
1366 2581 1479 2639 tautum
1502 2581 1507 2594 “

147 2678 314 2761 praebeant
325 2678 451 2743 formam
460 2684 499 2751 A.
515 2677 654 2743 Paestani
667 2677 775 2754 coloni,
786 2678 946 2754 Valentini,
956 2677 1122 2762 Cupienses
1134 2679 1163 2740 iu
1175 2675 1306 2743 nummis
1318 2679 1438 2743 unicam
1451 2683 1476 2748 A

147 2779 303 2846 adhibent.
326 2783 406 2846 Aera
420 2781 682 2846 Praenestinorum
696 2781 885 2866 aliarumque
901 2781 1062 2845 latinarum
1082 2781 1254 2852 civitatum,
1270 2779 1481 2865 inscriptiones

147 2883 340 2948 uasculorum
364 2881 563 2968 Capenatium
586 2883 712 2968 graphio
732 2882 859 2956 incisae,
877 2883 1006 2948 aliorum
1022 2884 1203 2967 populorum
1226 2885 1341 2967 pictae,
1366 2888 1394 2954 A
1418 2869 1479 2946 fere

147 2993 322 3052 constanter
344 2986 504 3070 praebent,
528 2993 590 3051 tum
612 2987 708 3050 stelae
731 2980 946 3070 pisau‘reuses,
970 2987 1150 3070 tegulaeque
1174 2985 1298 3050 faliscae
1320 3004 1389 3049 cum
1417 3004 1482 3048 uio-

148 3091 310 3170 numeutis,
332 3107 413 3174 quae
435 3089 566 3154 dialecto
588 3087 652 3153 sire
675 3089 768 3154 latina
783 3090 848 3154 siue
864 3089 972 3154 sabina
987 3107 1147 3174 mersaque
1163 3094 1327 3173 conceptae
1342 3095 1422 3160 suot,
1439 3090 1480 3151 ita

147 3193 359 3268 consentiunt,
382 3198 415 3255 ut
436 3211 496 3261 nou
517 3192 648 3257 absurde
671 3191 796 3258 formam
820 3192 895 3257 hauc
920 3198 948 3264 A
972 3192 1122 3268 italicam,
1146 3197 1189 3268 A,
1211 3211 1301 3275 quam
1325 3210 1479 3256 romanam

148 3283 286 3372 ostendi,
310 3294 434 3358 latinam
456 3313 553 3380 aeque
577 3295 677 3358 dicere
700 3297 809 3380 possis.

190 3396 310 3472 Forma,
325 3416 405 3481 quae
427 3415 537 3480 graeca
559 3397 619 3461 dici
643 3397 729 3470 solet,
753 3399 797 3470 A,
815 3383 1017 3460 transuersam
1033 3397 1144 3461 lineam
1160 3395 1277 3460 babens
1291 3397 1321 3460 in
1338 3397 1480 3478 angurium

150 3499 286 3574 fractam,
310 3498 439 3583 apparet
461 3501 489 3563 in
508 3498 601 3564 latino
624 3499 786 3584 alphabeto
809 3506 878 3564 ante
901 3499 1014 3563 bellum
1038 3500 1180 3583 punicum
1204 3500 1341 3582 primum,
1359 3518 1412 3562 uec
1429 3498 1481 3561 diu

149 3609 263 3680 manet,
287 3602 326 3666 de
349 3619 410 3687 qua
432 3602 493 3668 dixi
516 3622 612 3687 nuper
622 3605 658 3690 in
674 3602 747 3666 diss.
766 3601 817 3664 Sui
831 3603 936 3666 cononi
952 3603 1147 3665 ftitscbctioni.
1171 3602 1243 3666 liius
1259 3602 1397 3686 exempla
1412 3609 1481 3666 ante

151 3703 283 3770 medium
307 3706 463 3770 saeculum
487 3714 603 3770 sertum
627 3707 761 3790 quinque
784 3705 904 3770 omniuo
927 3705 1122 3769 innotuerunt
1143 3708 1173 3768 iu
1195 3705 1324 3769 nummis
1340 3707 1481 3780 romanis,

150 3827 241 3872 uuum
264 3809 296 3872 in
319 3805 434 3885 latinis,
458 3815 565 3892 postea
586 3827 684 3893 usque
707 3807 746 3872 ad
765 3827 876 3874 auuum
892 3813 952 3872 000
969 3809 1028 3872 tria
1044 3814 1156 3872 tantum
1172 3807 1319 3886 norimus,
1336 3805 1482 3893 deinceps

153 3927 257 3995 sparsa
279 3916 430 3996 apparent
450 3917 482 3974 et
502 3909 672 3989 rarissima,
696 3917 728 3975 ut
751 3911 781 3975 iu
803 3930 925 3976 nummo
949 3909 981 3973 l.
1006 3908 1095 3976 Caesi
1118 3911 1164 3990 [ἢ.

189 4011 233 4078 [te
248 4012 370 4078 litterae
386 4014 397 4075 t
412 4014 505 4080 reteri
522 4011 761 4099 palaeograpbia
774 4012 821 4078 his
837 4013 1000 4099 postremis
1017 4011 1203 4099 temporibus
1215 4011 1352 4097 quaestio
1365 4011 1481 4096 agitata

153 4123 196 4180 cst
217 4117 295 4182 inter
317 4135 366 4182 me
380 4124 411 4181 et
426 4117 592 4181 Germanos
606 4118 764 4201 quosdam.
787 4116 873 4182 bleae
890 4118 1059 4183 sentcntiae
1074 4116 1149 4182 baec
1165 4135 1284 4180 summa
1299 4120 1356 4179 est.
1371 4115 1482 4180 Priscis

156 4217 275 4294 Latims,
290 4226 325 4283 ut
342 4236 435 4303 supra
449 4217 521 4293 dini,
533 4218 610 4284 baec
624 4219 724 4284 littera
740 4227 830 4286 acuto
850 4219 961 4300 angulo
980 4218 1196 4300 effingebatur3
1212 4217 1357 4303 paulatim
1372 4215 1482 4282 deinde

156 4327 274 4387 ventum
297 4329 346 4388 est
366 4323 405 4386 ad
428 4322 553 4388 formans
577 4323 756 4408 quadratam
779 4343 835 4408 per
853 4323 1000 4408 quosdam
1023 4321 1116 4388 veluti
1139 4321 1261 4406 gradus.
1283 4321 1358 4385 fres
1378 4319 1482 4407 itaque

156 4426 271 4507 species
294 4432 365 4490 suut
385 4423 477 4490 huius
500 4423 620 4490 litterae
643 4425 682 4491 de
701 4444 830 4510 quarum
845 4432 943 4490 aetate
962 4423 1128 4508 quaeritur.
1151 4424 1252 4489 Prima
1267 4422 1319 4489 illa
1333 4429 1389 4498 est,
1404 4443 1482 4509 quae

155 4533 243 4592 acute
265 4525 392 4604 dicitur,
419 4525 507 4593 cuius
529 4526 653 4593 inferior
674 4528 754 4594 linea
777 4548 836 4594 nou
859 4525 1005 4594 acclirior
1028 4533 1076 4593 est
1096 4528 1159 4591 fere
1183 4525 1354 4608 grauntat
1386 4525 1482 4606 D⁴⁸'';

153 4630 289 4694 secunda
311 4633 397 4696 cuius
414 4628 569 4697 inclinatio
591 4630 711 4715 attingit
732 4631 839 4697 saltem
862 4632 990 4714 madum
1013 4627 1075 4696 PP‘
1095 4632 1151 4710 123
1175 4630 1274 4708 tertia,
1293 4649 1383 4715 quani
1402 4649 1480 4717 qua·
