3650 5342
330 309 380 366 ll?

317 450 405 497 ame
426 432 545 517 accepit
566 421 702 497 llomms.
725 431 818 497 lnscr.
843 451 931 518 neap.
956 433 1009 497 lat.
1034 436 1126 508 sete,
1149 430 1231 517 qued
1254 428 1435 496 vocabulum
1457 429 1528 514 quid
1550 426 1644 511 signi-

317 533 388 598 ficet
409 534 553 617 ignorari,
576 535 627 600 ait.
646 534 680 598 ln
697 535 768 599 add.
784 533 825 599 ad
839 535 935 600 lnscr.
954 534 1003 599 lut.
1020 536 1114 619 antiq.
1131 531 1307 600 coniectura
1326 533 1448 618 paulum
1463 549 1643 618 progressus

316 633 447 701 numinis
470 656 580 703 nomen
602 637 702 703 adhuc
725 639 819 721 ignoti
843 637 1062 722 deprehendit,
1084 636 1166 723 qued
1191 635 1278 702 tertio
1301 656 1373 703 casu
1407 633 1542 722 positum
1568 631 1644 718 legit

319 744 548 812 ΕΡΟΙΝΤΑΕ.
578 739 683 817 Scias,
706 741 821 819 lector,
846 741 935 806 velim
959 737 1093 806 artifices
1116 741 1163 805 bic
1193 742 1234 806 nti
1262 725 1393 806 voluisse
1423 757 1534 823 graeca
1567 728 1642 802 vnce

315 843 423 904 ἐποίουν
438 843 606 928 litterisque
622 841 725 908 latinis
741 842 902 930 scripsisse
919 844 1022 910 addito
1039 854 1066 907 te
1081 843 1262 930 sublatoque
1278 861 1389 928 graeco
1405 865 1420 902 n
1441 847 1641 916 ΕΠΟΙΝΤΕ.

315 945 462 1012 Conleras
496 945 628 1029 sigillum
658 947 797 1033 pluribus
827 946 935 1031 tegulis
967 949 1147 1033 impressum
1178 967 1272 1033 prope
1300 945 1432 1033 Capram
1464 943 1642 1010 maritimam

316 1047 411 1113 latina
427 1048 597 1115 litteratura
621 1054 834 1124 otONlStos
857 1054 1142 1123 cotoeontos
1167 1055 1280 1123 ΕΠΟΙ.
1303 1046 1428 1113 Veteres
1451 1067 1522 1114 vero
1544 1046 1643 1113 tertiis

317 1152 461 1235 personis
475 1151 638 1218 verborum
661 1153 726 1218 sive
748 1154 778 1218 in
801 1155 824 1216 ti
845 1153 908 1219 sive
931 1154 961 1217 in
985 1161 1012 1215 te
1034 1150 1244 1219 desinentibus
1267 1171 1335 1218 esse
1358 1172 1429 1218 usos
1448 1152 1538 1218 docet
1562 1149 1642 1215 Festi

310 1253 417 1334 locus,
440 1275 469 1339 p.
492 1258 568 1320 205:
590 1255 667 1322 Prae
684 1263 714 1320 tc
729 1257 881 1330 tremonti,
896 1255 953 1322 boe
977 1263 1023 1321 est
1038 1236 1178 1322 tremunt.
1198 1255 1243 1322 ue
1261 1261 1360 1322 aetate
1376 1254 1457 1320 tituli
1475 1261 1578 1320 contre
1594 1272 1642 1317 mc

317 1356 491 1443 disputasse
513 1377 547 1422 se
569 1357 698 1423 affirmat
719 1358 903 1425 liitscbelius
926 1359 956 1422 in
979 1357 1055 1423 Mus.
1077 1357 1175 1434 Rben,
1203 1365 1222 1424 t.
1256 1357 1346 1435 xlv,
1376 1359 1436 1421 379
1466 1377 1510 1442 sq.
1538 1356 1644 1420 Enarr.

318 1459 379 1524 tab.
402 1480 431 1545 p.
454 1465 503 1526 cs.
516 1460 581 1544 ligo
599 1461 712 1527 nullam
728 1461 814 1527 titulo
830 1461 981 1544 assignavi
998 1468 1139 1528 aetatem.
1158 1457 1224 1525 lloc
1242 1467 1357 1526 tantum
1374 1456 1531 1536 affirmavi,
1545 1459 1644 1547 posita

319 1561 519 1628 declinatione
540 1565 571 1629 in
594 1565 635 1627 cis
655 1565 784 1649 pluralis
807 1566 924 1631 numeri
941 1565 1113 1640 secundae,
1136 1583 1227 1648 qnam
1251 1561 1432 1628 Bitschelins
1455 1562 1493 1627 ad
1515 1561 1643 1649 primam

317 1664 471 1732 dimidiam
493 1673 612 1752 partem
634 1667 750 1734 saeculi
773 1645 893 1754 sep'timi
917 1668 988 1735 elim
1012 1667 1168 1744 retulerat,
1191 1667 1221 1730 id
1244 1668 1343 1750 sequi,
1361 1673 1393 1732 ut
1409 1669 1421 1730 i
1435 1667 1533 1749 longa,
1553 1685 1642 1752 quam

317 1769 383 1855 ipse
405 1769 592 1836 attribuebat
612 1771 705 1836 aetati
727 1778 895 1854 augusteae
919 1773 972 1836 diu
995 1779 1064 1837 ante
1088 1771 1300 1855 inceptarerit:
1325 1787 1363 1834 ea
1392 1788 1462 1834 vero
1491 1789 1557 1834 esse
1586 1787 1645 1855 pu-

318 1871 440 1955 gnantia
460 1873 540 1938 inter
561 1892 604 1939 se.
632 1871 795 1962 inscriptio
818 1883 865 1941 est
886 1873 996 1941 aetatis
1019 1874 1083 1939 tere
1105 1873 1263 1968 sullanae,
1286 1891 1348 1958 qna
1368 1875 1380 1936 i
1401 1874 1644 1958 supereminente

318 1977 361 2040 uti
380 1974 519 2061 coepisse
540 1983 662 2043 veteres
683 1984 801 2044 certum
824 1986 879 2044 est.
902 1978 978 2044 Vide
1000 1997 1030 2064 p.
1055 1981 1106 2042 29.

322 2257 413 2320 snut.
436 2253 479 2339 l:
491 2258 503 2318 l
514 2257 587 2331 tus,
603 2252 756 2331 lxxvii,
767 2273 785 2320 n
797 2254 818 2340 l.
840 2289 883 2302 -
897 2255 996 2340 Prope
1012 2256 1203 2321 suerranum
1221 2255 1291 2320 olim
1306 2255 1337 2320 in
1355 2255 1471 2340 pariete
1488 2251 1645 2319 Ecclesiae

470 2355 503 2421 S.
524 2355 652 2434 Nicnlni,
674 2377 753 2424 nunc
775 2357 806 2422 in
824 2356 953 2424 aedibus
968 2357 1108 2442 publicis.
1130 2359 1190 2422 dra
1203 2377 1272 2424 cum
1289 2355 1448 2443 triglyphis
1464 2364 1494 2422 et
1507 2359 1647 2444 metopis.

812 2533 835 2599 Η
852 2532 973 2601 [teu
991 2536 1014 2600 l.
1032 2534 1075 2601 ΕΙ
1103 2563 1109 2576 ·
1136 2531 1158 2600 u

810 2636 1158 2704 mitius-tientes

808 2738 1068 2808 caecutientes

810 2842 1113 2910 mnu-<vanum

807 2945 1141 3015 omniomnis-tr

362 3125 528 3212 Descripsi.
539 3127 675 3194 llnmms.
693 3133 781 3212 putat
795 3126 975 3196 Caecilianis
991 3149 1075 3196 more
1093 3134 1196 3195 vetere
1212 3148 1265 3215 pro
1281 3126 1447 3196 Caeciliani
1460 3147 1533 3194 casu
1549 3128 1648 3214 primo

321 3229 432 3315 plurali
454 3231 597 3315 pesitum.
621 3232 659 3294 tt
681 3229 790 3296 milites
813 3228 1025 3297 eCaecilianis
1040 3229 1100 3298 dici
1115 3238 1279 3318 potuerunt
1297 3233 1348 3316 qui
1372 3250 1529 3297 enumero
1543 3250 1649 3296 eurum

320 3339 434 3412 essent,
456 3353 533 3419 ques
555 3332 708 3400 Caecilius
730 3334 917 3418 sublegerat,
940 3335 1047 3400 eadem
1070 3334 1189 3401 ratione
1211 3355 1247 3401 ec
1265 3334 1413 3402 Rutiliani
1430 3335 1502 3400 dicti
1517 3340 1588 3401 sunt
1605 3334 1649 3399 illi

321 3434 466 3513 diricani,
489 3438 541 3523 qui
564 3439 673 3504 stativa
695 3435 868 3504 habuerunt
889 3437 942 3503 diu
965 3445 1033 3524 post
1055 3438 1177 3524 Cotym,
1201 3441 1230 3504 in
1254 3438 1386 3526 Phrygia
1407 3437 1548 3503 Salutari.

323 3715 416 3778 ibib.
438 3747 478 3762 -
502 3712 610 3780 dibre.

771 3852 1138 3924 renutu-nette·

813 3957 1075 4024 ΡΗΙΙΝΜΙΝΑ·

770 4058 1188 4128 νΝΑ·ΡΕ(ΙΤ·ὃΙΒΕΙ·ΕΤ·

768 4162 1259 4233 curriculo-sautum&

814 4266 1075 4334 Ι.·ΑΙ.ΕΧΑΕ·ΕΤ

767 4368 1210 4438 sumtuose-sturto-

770 4471 1161 4548 {refluentem-suns·

365 4649 410 4717 Ex
431 4649 571 4718 Carmelo
592 4649 758 4732 blancinin,
781 4653 833 4740 qni
857 4652 1027 4739 descripsit.
