3650 5342
138 1949 213 2010 ans.
235 1944 368 2029 esse.)

1395 279 1443 337 lna

599 410 665 476 PC·
684 407 878 474 lncrnlvs·
894 410 917 473 l.
932 431 940 447 ·
957 409 999 474 Ρ·
1016 407 1150 475 ΜΑΕΕΚ

643 507 718 594 Tpp.
742 507 811 570 den.
834 505 958 570 Thorax
975 506 1091 571 iuuenis
1108 504 1206 570 auersi
1224 504 1385 570 diademali
1401 505 1458 569 ful-

687 627 756 672 men
780 607 941 684 vibrantis,
965 614 996 672 el
1018 607 1055 672 ad
1078 607 1195 671 laevam
1219 607 1405 690 aspicicnlis.

685 712 823 776 Minerva
843 712 873 775 in
898 709 1056 795 quadrigis
1078 717 1166 779 scuto
1189 716 1342 796 prolecta,
1372 711 1458 778 hasla

688 822 809 900 pugnat.

600 926 665 992 ‘<·
683 923 915 991 NORBANVS

643 1022 717 1108 Typ.
741 1020 810 1084 deu.
833 1020 932 1107 Capul
954 1018 1084 1085 Veneris
1106 1019 1322 1087 diadematum.

689 1125 800 1200 Prore,
824 1125 923 1188 fasces
944 1143 1013 1187 eum
1035 1124 1150 1200 securi,
1172 1123 1341 1201 conducens,
1363 1124 1457 1210 spica.

645 1227 808 1292 Norbanus
825 1226 992 1292 Proconsui
1008 1225 1130 1291 Siciliae
1145 1246 1172 1292 a.
1185 1229 1240 1292 cll
1257 1227 1389 1304 Italicos,
1407 1228 1459 1313 qui

687 1330 816 1412 {legium
831 1327 1024 1403 obsidebant,
1037 1336 1068 1393 ul
1085 1336 1174 1414 capla
1188 1329 1266 1395 urbe
1280 1330 1351 1395 inde
1367 1331 1396 1394 in
1413 1333 1461 1398 Si-

688 1432 787 1497 ciliam
809 1430 923 1496 bellum
945 1430 1108 1504 inferrent,
1131 1439 1238 1497 coaclo
1257 1433 1393 1497 exercitu
1409 1433 1462 1499 de·

654 1534 808 1612 „ferruim
831 1532 923 1600 huius
947 1532 1028 1599 filios
1050 1532 1082 1597 id
1104 1534 1250 1620 symbolis
1272 1535 1459 1621 expressisse

688 1635 719 1700 in
744 1637 868 1701 denario
887 1636 1038 1713 ereditur,
1053 1656 1131 1704 nave
1146 1637 1291 1715 classem,
1308 1638 1389 1706 fasce
1405 1641 1460 1704 im*

688 1737 826 1826 perium,
856 1739 992 1804 caduceo
1021 1748 1050 1804 et
1077 1739 1164 1827 spica
1193 1761 1301 1827 pacem
1324 1750 1355 1808 el
1375 1743 1460 1829 pacis

687 1842 853 1908 commoda.

601 1953 663 2017 fl'·
678 1952 851 2019 nonnius
864 1975 872 1991 ·
885 1951 1108 2020 messines·
1134 1947 1197 2031 (vel
1221 1951 1458 2035 (sassones)

729 2055 811 2121 ΑΕΒ
833 2055 909 2121 (VR
1115 2051 1218 2134 (sipili.
1241 2051 1352 2135 Ingens
1375 2052 1460 2138 pes).

646 2152 721 2238 Typ.
746 2153 813 2216 den.
837 2152 938 2239 Capul
960 2152 1103 2218 lurrilum
1126 2152 1266 2239 Cybeles.

685 2253 775 2318 ¹Sella
796 2255 922 2320 curulis.

140 2361 215 2422 eos.
241 2308 372 2442 (2443.)
412 2363 563 2431 vu·s·s
600 2362 825 2432 recussus
849 2363 1062 2430 usnemun
1088 2359 1154 2442 (vu
1178 2360 1321 2444 snurn)
1345 2361 1392 2426 ver
1417 2368 1459 2433 u·

629 2461 633 2472 ’
731 2465 854 2533 §nain
881 2465 904 2532 Ε
918 2465 1097 2534 <assius

645 2565 687 2626 ns
710 2563 914 2629 semuncialis.

140 2667 214 2729 aon.
235 2663 370 2748 (mn.)
393 2683 438 2729 ae.
461 2669 581 2736 noun
601 2671 646 2736 rc
662 2692 669 2709 ·
685 2671 758 2737 nus

140 2873 213 2934 sos.
235 2870 368 2954 (2245.)

647 2767 739 2832 Exlal
761 2769 925 2853 quadrans.

600 2876 798 2945 ‘MAGNVS
881 2875 989 2941 eppo
1004 2897 1012 2913 ·
1027 2874 1106 2943 (OS

648 2976 719 3038 Aur.
742 3003 762 3028 =
782 2971 841 3058 lion
863 2971 960 3037 librae
984 2989 1135 3036 romanoe.

649 3075 724 3162 Tpp.
752 3075 851 3161 Capul
880 3073 999 3140 Africae
1029 3081 1140 3140 lecfum
1170 3077 1267 3160 spolio
1290 3073 1461 3161 elephantis

691 3180 771 3244 inler
789 3185 905 3262 gulfum
925 3187 956 3242 el
973 3179 1095 3243 lituum:
1114 3177 1196 3242 circa
1210 3196 1323 3243 corona
1337 3188 1462 3267 myrlea.

692 3281 852 3366 Pompeius
867 3283 895 3345 in
912 3299 1004 3346 curru
1020 3278 1193 3364 triumphali
1209 3279 1339 3367 palmam
1352 3281 1472 3363 ferens„

733 3404 823 3468 quem
845 3383 980 3480 Vicloria
1001 3390 1145 3448 coronal:
1170 3381 1292 3449 luvenis
1314 3403 1394 3468 equo
1415 3385 1463 3449 in-

731 3489 811 3552 sidcl
831 3487 948 3570 virgam
971 3493 1001 3551 el
1022 3485 1153 3570 palmam
1176 3485 1288 3551 ferens.

650 3589 811 3674 Pompeius
841 3610 940 3672 augur
962 3608 1000 3654 ex
1022 3586 1125 3654 Africa
1154 3588 1388 3674 triumphaturus
1411 3609 1464 3654 au·

692 3713 775 3758 reum
798 3693 963 3778 percussit,
986 3692 1016 3755 in
1040 3711 1101 3776 quo
1124 3711 1158 3756 se
1179 3690 1392 3776 proconsulem
1406 3713 1463 3778 ap-

691 3795 816 3881 pellauil
838 3803 869 3860 el
891 3795 1050 3877 Magnum:
1069 3813 1139 3858 nam
1154 3792 1240 3859 Sulla
1254 3813 1322 3859 cum
1337 3796 1462 3881 imperio

691 3897 816 3964 miserat
828 3906 898 3964 aule
912 3902 1087 3983 praeturam
1100 3904 1129 3960 el
1140 3896 1342 3962 consulatum:
1358 3900 1463 3964 trium-

692 4001 788 4086 phans
812 4019 883 4065 vero
907 4019 941 4064 se
964 4007 1192 4085 propraetorem
1214 3997 1299 4064 dixit.

582 4119 585 4124 '
651 4105 773 4170 iuuenis
795 4102 825 4167 in
850 4123 929 4187 equo
958 4102 1068 4167 sedens
1084 4115 1121 4176 ,el
1141 4102 1273 4189 palmam
1296 4102 1396 4169 ferens
1418 4112 1464 4170 esf

691 4208 818 4272 fortasse
842 4209 952 4270 Sextus
975 4204 1111 4290 Pompeii
1135 4207 1237 4271 fralet.
1259 4207 1327 4270 Dixi
1346 4213 1464 4288 guttum

694 4330 783 4396 quem
819 4309 1051 4397 praefericulum
1085 4309 1134 4374 bie
1167 4317 1197 4374 el
1229 4310 1300 4375 alibi
1333 4310 1465 4395 appellal

696 4413 929 4487 Mommsenius‚
947 4432 1006 4476 non
1020 4420 1120 4493 recle;
1143 4433 1211 4480 cum
1229 4411 1463 4498 praefericulum

690 4537 742 4583 vas
765 4537 893 4582 aeneum
916 4517 956 4580 sil
977 4514 1043 4580 siue
1066 4536 1139 4581 ansa
1162 4525 1269 4603 patens
1292 4536 1462 4593 summum,

693 4627 727 4687 ul
741 4620 838 4707 peluis
855 4620 950 4708 (Fesl.
966 4639 995 4707 p.
1006 4623 1078 4686 alo.
1094 4619 1142 4693 cd.
1160 4617 1245 4686 liulf.
1261 4617 1329 4689 coll.
1345 4618 1463 4705 Paulo).
