3650 5342
365 262 417 320 200

351 383 465 449 stiuam
488 384 565 449 lorte
588 383 722 468 putarit:
744 382 860 448 rectius
881 383 1022 448 llomms.
1046 384 1138 451 terris
1154 384 1283 450 etruscis
1299 383 1445 450 attribuit.
1467 384 1532 469 Ego
1546 384 1683 450 laliscam

354 506 426 553 esse
447 507 517 553 cum
539 504 594 571 pro
617 494 702 552 certo
724 485 886 562 haberem,
910 487 954 551 ita
976 506 1046 551 esse
1068 506 1178 573 reapse
1201 487 1240 555 ab
1261 487 1380 570 Angelo
1403 486 1621 553 Sebastianino
1640 488 1686 553 di-

355 589 431 666 dici,
454 608 473 654 a
495 608 556 674 quo
579 597 701 673 reperta
724 595 791 654 erat
811 587 959 665 Faleriis,
975 587 1007 654 in
1022 589 1116 654 lundo
1133 610 1199 655 suo.
1221 591 1358 675 Apparet
1372 608 1409 654 cx
1426 590 1683 668 lemrminatione,

355 693 444 757 cuius
467 690 597 774 vestigia
619 698 758 767 manent,
781 690 855 756 olim
874 710 994 756 aeream
1010 692 1185 758 leunculum
1202 690 1394 757 sustinuisse.
1417 691 1579 777 Inscriptio
1592 693 1686 759 relert

354 792 481 858 Gavium
500 794 689 859 Tertincinm
707 793 902 869 Postumum,
921 795 1009 858 cuins
1024 814 1133 861 nornen
1151 814 1246 880 supra
1259 794 1359 859 basim
1374 794 1557 881 insculptum
1574 795 1687 878 legitur

353 916 430 961 casu
450 903 545 960 recto.
569 895 646 960 Nota
669 900 688 966 S
711 896 824 959 omissa
844 896 874 960 in
899 897 1046 961 Posticnn
1070 904 1101 962 et
1122 896 1226 961 couler
1248 896 1367 963 'liconu
1390 917 1418 962 n.
1440 901 1514 961 792.

354 1086 427 1145 840.
448 1116 490 1129 -
512 1080 644 1146 Faleriis
666 1083 698 1145 in
721 1080 837 1167 oppido
860 1102 956 1147 aenea
980 1084 1094 1149 lumina
1111 1091 1234 1168 reperta
1249 1104 1317 1150 cum
1335 1085 1456 1149 laminis
1472 1104 1566 1170 supra
1580 1085 1685 1151 rclatis

364 1184 367 1187 ’
504 1202 554 1247 nn.
578 1185 639 1247 uer
652 1213 674 1238 =
687 1188 758 1260 558,
783 1188 856 1248 559.

918 1290 1125 1371 4)·044444

395 1422 503 1488 llabco
528 1424 609 1508 apud
633 1443 691 1487 me.
716 1422 856 1489 Nominis
879 1422 995 1509 proprii
1021 1424 1221 1508 fragmentum
1246 1443 1314 1489 esse
1338 1422 1427 1488 lacile
1450 1425 1610 1510 perspicis.

589 1704 699 1749 vascuta
715 1693 893 1756 &mutim
910 1712 974 1748 cum
992 1702 1151 1757 sptuennis
1167 1702 1283 1757 nennio
1301 1700 1451 1755 inscriptis.

356 1931 427 1993 844.
449 1964 490 1977 -
513 1926 548 1992 ln
571 1928 688 1994 vasculi
711 1927 815 1992 fundo.
838 1924 871 1991 P.
894 1927 956 1993 tab.
981 1926 1025 2003 ΙΙ,
1049 1949 1076 1991 n.
1102 1932 1129 1992 4.

401 2584 567 2671 Descripsi.
590 2585 725 2651 Ecnzen.
748 2585 779 2649 io
802 2584 928 2673 Ephem.
952 2587 1051 2664 instit.
1073 2590 1153 2651 4864
1172 2608 1201 2672 p.
1223 2590 1281 2651 449
1304 2586 1473 2652 hariolatus
1496 2593 1544 2651 est
1565 2593 1627 2651 tres
1649 2585 1688 2649 li·

361 2688 449 2770 gntus
471 2686 597 2752 diedios
619 2688 749 2753 tratres:
781 2688 960 2764 Kesonem,
990 2687 1150 2765 Publium,
1180 2689 1291 2755 tulum
1314 2690 1344 2753 in
1367 2708 1441 2754 vase
1463 2688 1564 2753 adhuc
1593 2690 1688 2753 crudo

362 2808 473 2853 nomen
496 2810 585 2855 suum
608 2788 827 2877 inscripsisse:
854 2791 937 2855 idem
959 2792 1048 2875 fpro
1077 2798 1097 2862 Ρ
1126 2792 1252 2856 habuit:
1282 2800 1445 2876 utrumque
1467 2791 1558 2855 male.
1590 2790 1690 2874 Figuli

362 2892 488 2957 vasibus
511 2891 656 2957 testaceis
679 2890 783 2975 sigillo
806 2912 915 2958 nomon
939 2892 1131 2978 imprimunt,
1156 2914 1214 2959 non
1231 2892 1360 2979 graphio
1374 2893 1561 2971 inscribunt,
1577 2894 1606 2958 in
1621 2893 1691 2958 aliis

360 2993 508 3079 operibus
531 2996 589 3060 hac
611 3001 714 3060 aetate
736 2993 809 3059 stilo
831 2997 923 3061 etiam
945 3003 1081 3062 utuntur.
1104 2996 1295 3080 legendum:
1318 2998 1352 3060 44.
1371 2996 1506 3061 diedies.
1524 2994 1564 3059 lt.
1579 2995 1605 3071 l,
1628 3004 1690 3062 cst·

361 3116 421 3180 qne
444 3116 554 3161 nomen
576 3096 708 3161 hominis
730 3096 853 3163 mortui.

364 3287 437 3347 844.
462 3284 560 3349 -ln
584 3292 688 3349 ventre
710 3284 837 3352 vasculi.
898 3290 1161 3357 tur-cfitrtto

406 3421 572 3506 Descripsi.
597 3421 700 3486 Edidit
721 3419 856 3485 Henzen.
875 3420 1001 3505 Ephem.
1020 3420 1119 3485 Instit.
1136 3421 1157 3485 l.
1176 3440 1201 3485 c.
1221 3374 1340 3505 pstor.
1365 3422 1461 3503 Lege:
1485 3424 1533 3485 ut.
1556 3420 1690 3497 Pertrio,

363 3542 474 3587 nomen
489 3522 620 3588 hominis
636 3524 755 3588 mortui.
774 3524 820 3586 444.
837 3530 885 3590 est
897 3523 995 3601 attor,
1010 3523 1089 3599 Atta,
1107 3542 1168 3608 quo
1184 3523 1381 3607 praenomine
1396 3520 1455 3587 luit
1468 3524 1537 3587 Atta
1552 3522 1692 3594 Clausus,

363 3624 511 3702 Sabinus,
533 3624 588 3711 qni
610 3626 725 3690 ltomae
749 3625 922 3710 appellatus
945 3632 993 3689 est
1015 3626 1133 3711 Appius
1156 3624 1310 3691 Claudius.
1417 3720 1420 3725 Ι

365 3815 437 3875 843.
459 3848 501 3858 -
524 3812 606 3877 lutra
629 3812 797 3877 vasculum.
896 3876 904 3891 ,
933 3816 1126 3883 ΡΡ44<404

407 3946 562 4032 Descripsi
585 3954 616 4014 et
638 3947 804 4012 delineavi.
828 3946 932 4011 Edidit
956 3946 1089 4011 chzen.
1113 3948 1131 4010 l.
1155 3966 1181 4011 c.
1204 3968 1235 4032 p.
1256 3952 1316 4010 446
1340 3947 1420 4011 malo
1443 3948 1503 4011 sic:
1531 3953 1571 4016 Ρ·
1587 3951 1692 4017 PM!-

365 4047 444 4113 Vera
460 4050 562 4126 lectio,
578 4069 659 4134 quae
672 4056 764 4125 esset,
780 4069 838 4132 ogo
853 4050 974 4124 monui,
990 4050 1041 4134 qui
1059 4049 1293 4133 descripseram.
1316 4048 1412 4129 Lege:
1428 4050 1460 4113 F.
1475 4048 1595 4113 Pacius.
1611 4048 1634 4111 1²
1649 4054 1696 4113 est

365 4150 474 4238 Fertor
492 4172 553 4236 quo
573 4152 771 4236 praenomine
790 4148 962 4237 appellatus
977 4171 1046 4215 esse
1063 4152 1191 4215 traditur
1204 4151 1315 4215 ltcsius
1329 4171 1382 4215 rex
1397 4151 1583 4235 lequienius
1599 4150 1696 4235 (duct.

366 4253 405 4317 dc
427 4254 540 4318 nomin.
563 4254 718 4336 Roman).

364 4380 498 4505 844·-
518 4440 601 4509 lutra
623 4440 790 4506 vasculum.
860 4439 1073 4521 cosletot
1088 4468 1095 4483 ·
1110 4440 1196 4526 sit

410 4576 576 4663 Descripsi.
600 4576 705 4641 Edidit
724 4576 861 4641 llenzen.
876 4577 898 4640 l.
915 4596 942 4643 e.
958 4595 987 4662 p.
1008 4579 1077 4640 448.
1100 4574 1229 4641 Videtur
1245 4574 1424 4659 legendum:
1444 4576 1477 4639 u.
1493 4574 1612 4661 Srpios.
1628 4574 1695 4653 Eoo,
