3650 5342
1402 187 1452 248 335

137 311 355 378 Mommsenius
378 310 507 378 affirmet
527 309 736 377 Ritschetiono
754 313 892 400 exempta
920 331 988 378 esse
1018 330 1153 377 meorum
1180 312 1342 377 simillima.
1378 309 1489 376 Heu--

140 413 245 482 cenius
279 416 394 502 quique
424 416 614 503 appellantur
646 415 735 481 ornici
770 436 788 481 a
821 415 1020 481 Mommsenio
1053 412 1120 480 eius
1154 415 1268 498 gretia,
1304 433 1400 500 usque
1427 415 1464 480 ad

140 517 293 582 dastidium
314 526 362 584 ter
387 526 555 605 quaterque
583 517 798 602 inscriptiones
825 538 843 583 o
872 537 920 583 nne
950 517 1116 584 detinentes
1144 517 1353 595 coutulerunt;
1386 517 1466 584 hand

141 619 304 687 obscurum
326 622 400 707 quin
423 621 633 707 repudiandae
655 619 796 686 lectionis
814 641 900 687 meae
918 639 1022 687 ceusu.
1041 619 1123 701 Quid
1142 621 1255 687 factum
1274 621 1327 697 sit,
1345 620 1467 687 notulae

142 741 229 789 meac
251 723 433 790 narrabunt:
457 744 566 808 nempe
589 724 702 811 ubique
725 731 779 790 aut
799 724 930 790 indecies
952 721 1150 810 reliquerunt,
1173 731 1239 800 ent,
1263 722 1345 810 quod
1367 721 1467 798 doleo.

143 833 354 911 corruperunt,
378 825 464 891 Nunc
485 824 523 891 iis
546 846 626 912 quoe
649 827 730 892 edidi
752 826 902 892 accedent
920 827 1012 892 etiem
1031 823 1251 900 bondinienoe,
1268 833 1303 892 ut
1325 844 1468 892 numerus

142 925 183 992 sit
203 928 312 1014 plenus
341 929 478 1015 nihilque
506 928 569 994 tere
591 929 783 995 desideretur
810 928 849 995 de
872 929 925 1004 iis,
948 947 1029 1013 quoe
1057 927 1274 994 Mommseoius
1297 929 1327 993 in
1350 929 1468 1014 Corpus

145 1029 241 1096 inscr.
265 1032 367 1117 Antiq.
390 1033 529 1098 coniecit.

148 1309 239 1372 tion.
264 1305 299 1389 (=
314 1306 404 1390 822).
429 1343 463 1354 -
489 1307 533 1372 Ex
555 1306 755 1374 Botdinionis.

702 1485 725 1549 Ι.
741 1482 853 1550 notun

698 1584 902 1653 nutntuus·

719 1686 872 1756 octos

192 1854 226 1917 Ι..
249 1852 362 1919 Aelius.
385 1856 463 1919 Ante
485 1854 565 1920 diem
592 1860 630 1925 ΙΙΙ
654 1809 722 1920 idus
746 1853 899 1918 octobres.

153 2114 243 2174 otoo.
268 2109 410 2194 (εδῖθ).
435 2147 472 2156 -
498 2108 540 2173 Er
564 2105 760 2175 Betdininnis.

626 2284 648 2351 Ε
659 2284 831 2353 ututur
844 2283 904 2351 ·t‹·
918 2283 987 2351 utu

196 2453 229 2518 G.
252 2450 397 2519 domitius
418 2454 448 2519 k.
471 2450 577 2518 Iuniis.

157 2730 248 2792 tter.
271 2727 414 2812 (5824).
439 2761 476 2776 -
502 2727 544 2791 iix
567 2726 765 2793 Batdinianis.

656 2902 839 2970 noronte
863 2902 977 2970 ΝΟΝΙ

743 3004 894 3072 ΟΕΤΟΒ

197 3175 232 3238 D.
256 3170 405 3239 domitius
427 3171 515 3237 nonis
538 3172 654 3236 octobr.

160 3450 252 3512 tons.
276 3446 313 3530 (ε
327 3446 417 3531 825).
440 3479 480 3494 -
503 3443 547 3509 Ex
569 3443 769 3509 Baldiniauis.

559 3619 816 3694 tat-nortuum
842 3619 864 3686 D
891 3621 929 3685 u<
953 3619 976 3686 Κ
1000 3620 1073 3687 unt(

203 3789 256 3854 M?
278 3789 425 3854 Aemilius
448 3807 474 3853 o.
497 3787 528 3852 d.
552 3807 593 3853 rx.
617 3787 644 3851 k.
668 3787 734 3852 deo.

161 4065 251 4128 otoo.
277 4062 312 4146 (=
326 4064 413 4148 826).
440 4098 479 4110 -
502 4062 546 4127 Ex
568 4059 765 4127 Baidinianis.

687 4235 958 4308 Λ·ὓ·ΧΙ·Κ·ΑΡΙὶ
1042 4295 1043 4298 ,

719 4340 917 4421 SEXUM!

202 4509 235 4574 Α.
260 4509 289 4574 d.
311 4528 353 4574 ιι.
376 4508 404 4572 k.
428 4527 491 4593 apr.
516 4505 586 4571 Sex.
609 4504 767 4576 Aemilius
