3650 5342
384 243 431 308 tlt

373 373 440 436 tte.
457 375 493 456 l:
508 327 595 450 tait
612 373 694 454 uu).
711 409 752 424 —·
768 375 811 440 Ex
829 395 901 460 agro
914 375 1100 441 Volcentano
1114 376 1247 442 allatum.
1263 375 1350 441 Nunc
1364 378 1395 440 io
1410 375 1515 442 museo
1529 377 1683 444 Vaticano·
1747 333 1751 338 -

862 585 945 651 ttettt
961 607 968 622 ·
984 585 1193 653 FOCOLOM

413 783 491 847 Puer
512 783 567 848 alis
590 786 755 850 instructus
777 792 870 870 atque
893 785 1128 871 hypothymiade
1151 793 1289 868 comptus
1312 784 1389 849 duas
1411 783 1519 849 inllans
1542 783 1639 848 tibias.

347 947 350 952 .
412 885 574 970 Descripsi.
606 885 718 951 Littera
737 909 757 970 p
779 887 930 971 quadrata
952 895 1019 962 est,
1047 909 1063 949 o
1085 888 1203 952 mediae
1226 887 1359 964 lormae,
1385 889 1496 970 tpene
1519 884 1681 950 normalis:

369 989 445 1054 male
463 987 558 1072 igitur
575 989 680 1054 titulus
699 996 746 1054 est
759 991 906 1055 hactenus
921 991 1030 1055 editus.
1054 991 1088 1054 lu
1102 991 1232 1054 carmine
1249 988 1351 1054 saliari
1361 992 1425 1061 ,ait
1441 989 1557 1065 Festus,
1572 1010 1599 1072 p.
1613 992 1684 1062 tta,

368 1091 462 1158 Cetus
486 1109 591 1156 manus
613 1090 791 1177 intelligitur
812 1100 930 1156 creator
953 1091 1060 1156 bonus.
1093 1095 1116 1155 ll
1141 1093 1324 1157 Graecorum
1354 1093 1423 1172 Kipr
1449 1098 1544 1156 ortum
1568 1090 1681 1155 Kerum

369 1195 467 1276 potius
490 1201 578 1278 puto:
602 1212 670 1258 nam
694 1194 788 1260 Corus
811 1193 855 1260 sic
879 1195 961 1260 nuda
983 1213 1058 1259 voce
1081 1195 1142 1260 dioi
1161 1195 1295 1279 potuisse
1312 1214 1371 1258 non
1385 1201 1504 1260 constat
1519 1194 1570 1278 qui
1587 1192 1683 1258 Gerus

366 1315 474 1360 manus
495 1301 549 1360 est.
572 1295 651 1360 Nota
672 1296 800 1361 litteram
826 1302 847 1367 t<
870 1315 905 1361 ex
929 1315 1039 1378 graeca
1060 1297 1290 1362 consuetudine:
1316 1317 1383 1360 uam
1402 1294 1493 1380 prisci
1510 1295 1607 1362 Latini
1622 1315 1680 1361 uon

366 1404 524 1484 usurpant.

368 1605 436 1666 ltu.
462 1604 498 1686 (ε
513 1606 559 1680 tr,
583 1602 611 1668 X
633 1602 717 1686 Eel.
740 1639 781 1652 -·
806 1604 850 1669 Ex
873 1623 946 1688 agro
962 1603 1090 1670 hortano
1105 1605 1243 1670 allatum:
1262 1625 1342 1672 nunc
1356 1607 1387 1670 iu
1402 1624 1506 1671 museo
1523 1554 1679 1670 Vaticano.

794 1814 1011 1884 tatttttrtltt
1026 1837 1034 1853 ·
1050 1815 1249 1882 POCOlOll
1307 1841 1311 1848 ¹

407 2016 484 2080 Puer
506 2014 603 2080 alatus
625 2034 741 2080 ramum
763 2023 793 2080 et
816 2022 952 2100 pateram
976 2015 1086 2080 tereos.

406 2117 567 2204 llescripsi
590 2117 748 2184 Extremae
770 2118 849 2182 duae
872 2118 991 2183 litterae
1013 2140 1029 2181 o
1051 2123 1123 2183 sunt
1144 2118 1262 2182 mediae
1284 2117 1412 2193 formae,
1434 2117 1547 2184 linitio
1562 2118 1679 2185 mediae

365 2222 434 2285 item
457 2228 503 2284 est
524 2221 647 2285 turmae.
683 2219 817 2286 Lauerna
843 2221 945 2297 lucum
974 2220 1082 2285 hahuit
1109 2220 1156 2285 via
1183 2219 1301 2283 Salaria
1328 2228 1358 2284 et
1379 2219 1463 2285 iures
1486 2221 1544 2288 sub
1564 2223 1678 2296 tutela,

273 2380 277 2386 .
365 2341 455 2410 quam
479 2323 517 2388 ob
539 2341 662 2388 oausam
686 2323 768 2388 tures
791 2323 861 2388 olim
884 2325 953 2388 dieti
977 2331 1045 2388 sunt
1068 2326 1274 2395 lavernioues,
1292 2323 1371 2386 lest.
1386 2327 1453 2387 tlt.
1476 2322 1576 2388 Verba
1590 2325 1677 2390 deam

233 2483 236 2490 t
271 2413 272 2418 ’
364 2425 552 2508 precantium
574 2427 657 2508 leges
680 2426 759 2510 apud
784 2423 940 2490 Horatium
960 2425 1016 2509 Ep.
1041 2432 1068 2501 t,
1092 2430 1144 2499 to,
1165 2430 1222 2489 60:
1351 2453 1353 2457 ⁷

603 2557 609 2569 =
893 2541 896 2548 ’
1054 2528 1161 2613 pulcra
1184 2528 1321 2592 Lauerna

594 2630 641 2694 lla
662 2628 734 2694 mihi
759 2628 878 2708 tallere,
903 2630 942 2694 da
964 2631 1076 2695 iustum
1097 2636 1298 2714 sanctumque
1319 2629 1413 2695 videri

593 2733 723 2797 Noctem
741 2731 877 2817 peccatis
900 2738 930 2797 et
953 2732 1110 2799 fraudibus
1133 2733 1231 2797 obiice
1252 2732 1374 2798 nubem.

365 2941 433 3001 tat.
459 2937 596 3022 (ΑΗ
620 2937 701 3020 Aa).
726 2975 766 2988 -
789 2936 870 3003 Olim
893 2937 923 3000 in
945 2957 1051 3002 museo
1075 2936 1254 3021 Campanae.

741 3083 751 3107 ·
799 3146 1001 3212 Sllll'illllllll
1017 3167 1025 3183 ·
1039 3144 1241 3214 l‘0(0l0ll

402 3347 555 3432 Descripsi
574 3348 688 3431 primus
705 3346 847 3432 edidique
863 3344 894 3410 iu
911 3347 987 3413 Bull.
999 3368 1087 3433 neap.
1099 3369 1167 3427 meo
1180 3368 1228 3413 au.
1243 3353 1271 3426 l,
1283 3369 1310 3432 p.
1323 3352 1376 3424 86,
1393 3350 1462 3415 iude
1480 3348 1674 3416 Ritschelius.

361 3450 489 3517 vasculo
511 3450 628 3515 urceoli
650 3449 745 3514 lorma
767 3458 813 3514 est
834 3469 940 3514 ansam
964 3471 1052 3517 uuam
1073 3451 1234 3530 habentis;
1257 3469 1348 3537 quam
1375 3450 1477 3534 poculi
1506 3453 1570 3516 sive
1599 3453 1678 3536 sim·¹

361 3553 423 3640 puli
446 3551 578 3640 speciem
601 3552 818 3618 Mommsenius
841 3554 1018 3620 oooochoen
1041 3555 1129 3630 dicit,
1149 3553 1333 3620 Ritschelius
1356 3554 1453 3618 ollam.
1486 3555 1530 3619 De
1552 3554 1675 3621 Saturni

359 3655 480 3721 nomine
495 3655 633 3742 quaestio
649 3663 704 3721 est.
727 3656 915 3721 Ritschelius
931 3657 1026 3722 multa
1039 3665 1226 3722 commentus
1242 3665 1288 3721 est
1303 3656 1341 3721 de
1356 3659 1464 3741 supino
1478 3659 1577 3734 saitae,
1594 3658 1673 3722 uode

361 3761 477 3843 putavit
503 3757 684 3824 Saeturnum
713 3759 920 3824 derivandum.
956 3761 990 3824 lu
1018 3760 1148 3845 epitome
1175 3759 1271 3826 Paulli
1294 3760 1414 3826 codices
1435 3767 1593 3825 servarunt
1614 3761 1674 3824 Sa-

360 3869 502 3937 temnus,
531 3861 689 3926 Saturnus.
727 3865 763 3926 ttt
785 3861 936 3928 Saturnus
957 3864 1051 3929 habet
1072 3865 1168 3929 codex
1191 3864 1380 3929 lurnesianus
1402 3862 1503 3940 Festi,
1524 3884 1585 3947 quo
1606 3864 1674 3929 loco

358 3961 498 4050 proxima
519 3961 625 4028 ordine
647 3965 795 4029 vocabula
818 3987 883 4030 oum
902 3988 918 4028 a
939 3967 1056 4053 syllaba
1073 3968 1130 4030 Sor
1144 3967 1309 4035 ordiantur,
1327 3965 1508 4053 llierclrelius
1526 3967 1570 4048 (iu
1584 3964 1674 4030 ovid.

361 4069 438 4133 Fast.
462 4065 619 4150 CCXXX)
650 4067 843 4132 scribendum
874 4069 1098 4154 legendumque
1126 4071 1244 4154 putavit
1271 4088 1326 4154 pro
1354 4069 1483 4134 Saturno
1506 4067 1673 4145 Saturnus,

361 4171 477 4256 origine
499 4189 518 4234 a
540 4169 697 4255 Sarpendo
720 4172 821 4234 dueta.
846 4171 909 4235 liae
933 4179 1031 4236 taurea
1055 4191 1157 4236 merae
1181 4190 1278 4254 nugae
1300 4177 1385 4236 suut:
1409 4191 1476 4236 cum
1500 4172 1580 4235 enim
1603 4189 1675 4236 cou-

360 4275 444 4339 tinuo
459 4257 528 4358 post
542 4269 691 4338 Saturnus
707 4271 839 4354 legatur:
863 4273 1006 4338 Saturnia
1020 4274 1106 4338 ltalia
1122 4274 1242 4338 Saturni
1258 4276 1324 4337 dies
1339 4273 1443 4345 tesius,
1460 4280 1490 4336 ct
1505 4273 1536 4337 id
1552 4273 1673 4358 quidem

236 4440 249 4445 ..
360 4383 428 4440 aute
457 4376 607 4441 vocabula
633 4375 751 4462 syllaba
780 4397 832 4438 sor
861 4375 1036 4460 incipientia
1063 4377 1253 4442 manifestum
1283 4386 1329 4442 est
1358 4378 1446 4441 etiam
1468 4376 1624 4440 Sortornio
1644 4383 1674 4441 et
1716 4412 1722 4426 ·

262 4477 264 4480 ’
360 4477 494 4542 Seriumi
514 4477 590 4554 alien
614 4479 696 4562 quod
718 4500 768 4542 ror
789 4478 937 4564 syllabam
960 4486 991 4543 et
1012 4480 1070 4544 ista
1093 4478 1291 4564 praecedant,
1308 4479 1371 4544 lere
1385 4478 1556 4562 legendam.
1577 4477 1672 4542 Aliam

360 4583 497 4646 ineamus
520 4579 607 4646 riam.
630 4581 728 4646 Varro
753 4581 808 4666 (de
830 4581 897 4646 tn.
921 4581 977 4664 tt)
1007 4581 1049 4647 ait
1077 4584 1106 4646 in
1135 4580 1272 4666 pluribus
1300 4579 1403 4647 verbis
1425 4601 1443 4642 o
1465 4588 1571 4645 antec
1598 4581 1673 4647 alios
