3650 5342
333 433 381 478 me
401 413 565 498 inscriptus
588 395 737 492 ROMA:
760 412 791 476 io
810 413 922 478 lamina
939 410 1023 476 Pauli
1038 408 1157 474 Aemilii
1173 408 1219 474 sio
1234 408 1347 476 eminet
1360 411 1373 472 i
1385 409 1416 475 in
1431 429 1506 475 noce
1526 399 1652 482 ΙΝΡΕΙ-

336 521 493 587 RATOR:
518 513 634 580 diceres
658 513 715 578 hoc
736 513 859 580 honoris
881 524 974 581 cansa
995 513 1105 578 factum
1125 512 1337 598 utaliquando
1358 514 1475 596 integer
1496 531 1604 578 versus
1621 511 1652 576 in

333 617 579 704 inscriptionibus
601 619 743 682 maiorem
766 617 875 702 babeat
892 618 1024 682 modum.
1047 616 1098 680 Sic
1118 615 1278 709 blummins
1301 618 1332 680 in
1355 616 1517 702 epigraphe
1533 614 1653 680 llerculi

335 721 439 788 victori
469 721 607 787 dedicata
639 727 830 793 bencenis
856 725 1047 792 tricionis
1070 720 1166 784 forma
1189 721 1299 785 celeris
1321 721 1434 784 maiore
1462 717 1600 803 scripsil,
1623 724 1655 782 et

216 815 218 818 ’
333 843 405 889 aera
419 824 503 907 leges
518 823 684 907 insculptas
707 822 835 888 ferentia
857 825 987 897 titulum,
1005 823 1052 886 rel
1071 829 1187 908 partem
1210 821 1286 900 eins,
1308 824 1337 886 in
1359 841 1451 887 versu
1469 823 1564 907 primo
1580 821 1654 885 scri·

254 1013 257 1018 Ι
333 933 416 1011 ptum
439 925 651 1009 grandioribus
674 925 779 991 litteris
802 925 932 991 effictum
954 924 1109 1011 praebent.
1133 921 1271 989 Ceterum
1290 943 1398 988 moneo
1414 943 1452 988 ne
1467 943 1556 1008 quem
1572 922 1656 988 fallat

333 1028 499 1094 litterarum
518 1029 687 1114 aliquarum
705 1027 936 1113 supereminens
951 1033 1047 1092 status
1063 1034 1097 1091 ot
1114 1046 1141 1090 e.
1160 1047 1189 1109 g.
1207 1034 1235 1098 Τ
1252 1044 1344 1113 saepe
1362 1025 1483 1108 fingilur
1500 1026 1546 1089 rel
1564 1023 1654 1111 spatii

334 1131 463 1210 delectu,
479 1131 526 1196 rel
543 1128 758 1216 calligraphiae
776 1129 886 1196 studio.
903 1127 1000 1216 Spatii
1020 1130 1169 1194 defectum
1187 1136 1259 1213 pnla
1274 1131 1304 1193 in
1325 1119 1427 1202 ῠνΕῘ
1447 1126 1655 1214 inscriptionis

335 1233 368 1296 L.
390 1232 526 1300 Mummii
551 1234 689 1313 hohaioi,
715 1235 781 1318 pio
797 1234 827 1298 in
844 1253 966 1298 nummo
983 1233 1022 1312 Q.
1039 1231 1160 1297 Antonii
1175 1232 1269 1297 Balbi.
1286 1232 1425 1322 Studium
1440 1230 1655 1317 calligraphiae

334 1355 463 1420 agnosce
484 1335 517 1401 in
540 1345 732 1402 monumento
755 1337 794 1400 Μ.
818 1334 943 1418 Vergilii
966 1334 1129 1420 Eurysacis
1152 1333 1259 1401 aetatis
1281 1335 1347 1400 fere*
1365 1341 1543 1417 angusteae.

883 1543 992 1648 'nnn
1021 1574 1079 1648 nr.

607 1771 642 1815 ne
660 1767 773 1816 aaaron·
789 1778 819 1826 a,
838 1761 860 1824 l,
874 1776 910 1832 p,
927 1777 960 1826 o,
979 1768 1077 1813 formio
1093 1777 1245 1820 eumue
1263 1764 1379 1812 rothae.

376 1951 669 2018 Litteraturalatina
684 1950 819 2016 constitit
832 1949 918 2015 initio
936 1947 975 2014 iis
992 1950 1109 2025 litteris,
1128 1969 1204 2034 quas
1219 1963 1311 2032 sopra
1328 1949 1470 2031 exposui:.
1482 1947 1537 2012 sed
1555 1965 1653 2032 qnae-

256 2113 258 2117 .
335 2058 404 2121 dam
427 2074 529 2121 earnm
553 2055 665 2120 formae
689 2062 823 2140 tempore
846 2053 1068 2128 obsoleverunt,
1085 2050 1225 2136 aliaeque
1244 2069 1338 2116 novae
1356 2049 1508 2125 inductae,
1523 2050 1562 2114 de
1579 2069 1654 2136 qoa-

334 2178 398 2224 rnm
415 2165 513 2224 aetate
530 2157 686 2225 dicendum
704 2165 759 2221 est.
782 2156 891 2222 Moneo
908 2176 954 2220 me
970 2157 1008 2221 de
1025 2156 1104 2220 veris
1121 2151 1222 2219 formis
1241 2153 1291 2218 bic
1306 2173 1473 2218 sermonem
1489 2151 1653 2226 instituere.

335 2280 392 2326 noo
415 2261 453 2326 de
476 2259 597 2337 vitiatis,
619 2259 764 2326 artificum
788 2257 950 2325 oscitantia
964 2267 1016 2324 aut
1030 2256 1163 2340 ingenio,
1178 2259 1207 2320 in
1225 2256 1334 2340 quibus
1352 2257 1442 2332 duco,
1459 2275 1538 2341 quae
1553 2255 1656 2340 aliquo

334 2365 427 2429 ductu
448 2363 622 2428 imminutae
645 2362 843 2438 inveniuntur,
865 2370 899 2426 ut
923 2368 944 2433 l>
967 2381 1021 2446 pro
1041 2364 1061 2433 Β
1083 2360 1126 2425 ita
1140 2358 1252 2444 pictum
1268 2357 1299 2422 in
1315 2358 1481 2444 epigraphe
1496 2349 1653 2442 municipii

333 2465 520 2533 ferentinatis
542 2466 645 2531 addita
666 2464 957 2543 substructionibus;
985 2469 1074 2548 ipro
1092 2469 1113 2534 Ε
1128 2463 1157 2526 in
1177 2461 1343 2547 epigraphe
1359 2462 1498 2538 marsica,
1515 2467 1540 2533 Γ
1556 2479 1611 2545 pro
1629 2466 1656 2529 Τ

333 2569 380 2634 vel
402 2589 457 2654 pro
483 2576 502 2640 F
525 2570 594 2653 plus
616 2569 722 2649 semel,
739 2576 764 2640 Λ
783 2587 836 2653 pro
857 2574 882 2639 Α
903 2586 982 2652 quae
1003 2573 1086 2630 recte
1107 2563 1263 2630 erroribus
1285 2562 1447 2628 fabrilibus
1470 2561 1656 2637 accensebis,

336 2680 418 2745 uto
437 2691 491 2757 pro
512 2671 763 2755 oirrscitupagi
783 2667 1145 2753 herculanei,nt0pro
1168 2672 1325 2752 Q,ltpro
1345 2671 1376 2742 Β,
1399 2671 1420 2738 [l
1441 2685 1495 2750 pro
1516 2665 1655 2744 lavel?

333 2794 387 2862 pro
409 2780 431 2846 D
449 2772 532 2838 alibi.
554 2775 627 2839 Item
647 2774 745 2839 lineae
764 2773 952 2838 abundantes
970 2770 1050 2837 utin
1068 2772 1152 2834 titulo
1168 2769 1335 2834 Caeretano
1354 2775 1406 2845 h,
1424 2767 1488 2833 sive
1504 2778 1544 2843 t,
1559 2787 1615 2832 sen
1633 2774 1656 2837 t.

334 2878 457 2962 pingere
479 2875 574 2941 voluit
596 2877 719 2954 artifex,
735 2880 772 2955 {L
785 2875 815 2940 in
832 2875 918 2940 titulo
933 2874 1159 2947 Beneventano,
1175 2871 1228 2936 nbi
1242 2871 1311 2935 olim
1327 2890 1386 2934 oon
1401 2869 1492 2935 debui
1508 2869 1656 2954 suspicari

332 2979 443 3066 duplex
466 2981 476 3040 t
499 2980 603 3060 latere;
626 2977 657 3042 id
680 2981 759 3044 enim
782 2999 842 3064 qno
864 2986 953 3062 pacto
976 2975 1029 3041 liat
1051 2996 1130 3040 nnnc
1154 2972 1330 3058 intelligitur
1353 2994 1390 3038 ox
1405 2971 1467 3038 alio
1483 2971 1570 3038 titulo
1586 2975 1654 3037 item

333 3082 547 3148 Beneventano
569 3084 599 3146 io
622 3102 682 3167 quo
705 3081 809 3147 addita
831 3086 957 3167 apparet
977 3078 1059 3144 linea
1080 3077 1183 3142 iacens
1205 3083 1226 3150 l.-
1247 3097 1307 3140 noo
1330 3077 1463 3161 obliqua.
1484 3076 1605 3140 &voco
1626 3074 1658 3139 in

335 3193 463 3250 mentem
491 3184 570 3269 quod
594 3185 664 3249 olim
687 3181 798 3258 notavi,
822 3184 917 3248 lineas
940 3202 958 3246 a
983 3179 1183 3265 quadratariis
1209 3181 1338 3244 omissas
1365 3180 1503 3263 potuisse
1531 3179 1658 3267 exprimi

335 3287 439 3366 minio;
461 3289 525 3351 lum
547 3285 578 3350 in
602 3303 685 3351 more
708 3287 800 3350 luisse
815 3281 848 3349 ut
867 3305 944 3368 quae
961 3282 1059 3348 lineae
1078 3282 1269 3348 abundarent
1285 3279 1429 3345 mortario
1452 3280 1659 3366 opplerentur,

336 3408 550 3475 nonnunquam
577 3388 664 3454 etiam
696 3388 817 3474 scalpro
840 3388 1026 3465 delerentur,
1055 3394 1088 3449 ut
1113 3386 1224 3450 factum
1248 3391 1296 3448 est
1317 3382 1348 3447 io
1372 3383 1456 3447 titulo
1479 3381 1658 3466 Popilliano,

298 3525 307 3532 -
334 3491 384 3556 nbi
407 3491 475 3556 olim
495 3492 583 3556 docui
606 3490 723 3577 aliquot
745 3477 885 3555 numeros
908 3487 1034 3552 millium
1056 3506 1202 3572 passuum
1226 3485 1321 3550 luisse
1343 3485 1489 3550 sublatos.

377 3593 503 3658 Praeter
525 3593 718 3678 alphabetum
741 3593 823 3676 quod
846 3592 948 3655 dicere
971 3610 1131 3675 possumus
1155 3588 1348 3674 quadratum,
1367 3587 1448 3652 aliud
1471 3588 1526 3651 luit
1541 3587 1572 3651 in
1589 3606 1660 3672 quo,

334 3698 405 3784 quia
427 3697 525 3762 lineae
548 3698 761 3762 elementorum
784 3695 901 3779 aliquot
916 3695 1033 3758 solutae
1048 3692 1233 3763 scribuntur.
1250 3693 1321 3756 olim
1338 3690 1533 3776 alphabetum
1549 3691 1661 3753 timore

334 3799 495 3885 appellavi.
525 3799 608 3863 llaec
635 3800 727 3880 igitur
754 3796 882 3862 linearia
910 3798 1060 3861 elementa
1083 3813 1299 3878 nonnunquam
1322 3794 1473 3879 permixta
1494 3799 1662 3858 cernuntur

334 3901 499 3986 quadratis,
515 3907 548 3964 ut
566 3908 582 3972 h
603 3920 658 3986 pro
678 3909 699 3976 l
720 3902 750 3963 in
766 3919 839 3964 vase
855 3897 1113 3972 sancaesariensi,
1136 3897 1189 3981 tlh
1206 3897 1237 3960 iu
1252 3896 1338 3960 titulo
1351 3896 1497 3974 casinate,
1513 3899 1546 3975 Ρ
1565 3913 1621 3981 pro
1639 3901 1659 3966 F

334 4006 364 4067 in
387 4004 510 4069 vasculo
530 4003 672 4089 Capenae
694 4004 816 4079 veteris,
839 4010 870 4066 et
891 4004 921 4066 in
946 4002 1032 4067 litulo
1050 4001 1114 4084 agri
1131 3999 1298 4085 aquinatis,
1322 4018 1412 4083 quem
1429 3998 1458 4062 in
1477 4016 1556 4083 pago
1576 3998 1660 4062 iloc-

334 4126 460 4173 caseeca
474 4106 559 4170 dicto
571 4106 732 4190 exscripsi;
755 4125 834 4192 quae
858 4107 957 4170 omnia
977 4112 1008 4168 et
1026 4101 1138 4168 similia
1154 4103 1197 4166 sio
1214 4101 1397 4185 erplioaoda
1414 4119 1482 4166 esse
1505 4119 1663 4166 monemur

334 4209 449 4275 collatis
467 4207 572 4274 formis
594 4207 761 4294 alphabeti,
784 4207 865 4294 qnod
887 4209 1039 4272 nursinum
1054 4204 1199 4286 dicimus,
1222 4205 1295 4291 quia
1305 4205 1416 4269 cursim
1432 4213 1461 4268 et
1476 4211 1661 4288 properante

334 4331 422 4376 manu
444 4311 604 4397 scriplum,
623 4311 652 4376 io
674 4331 734 4396 quo
750 4309 849 4375 lineae
867 4328 979 4374 curvae
996 4329 1063 4373 eum
1086 4328 1163 4393 pene
1185 4308 1276 4373 rectis
1297 4312 1534 4383 commutantur,
1556 4308 1660 4390 apices

333 4413 419 4478 lineis
442 4413 625 4490 succedunt,
645 4412 683 4477 de
698 4410 810 4498 quibus
825 4412 923 4477 dicam
940 4418 1054 4497 postea.
1077 4410 1164 4476 Nunc
1180 4409 1218 4474 de
1234 4417 1364 4495 quatuor
1379 4407 1488 4474 litteris
1505 4429 1533 4484 o,
1552 4409 1571 4484 l,
1586 4429 1616 4491 p,
1630 4431 1661 4486 o,

333 4535 498 4602 earumque
519 4518 635 4583 ratione
659 4515 827 4580 dicendum.
976 4574 980 4579 ,

373 4619 487 4686 Littera
499 4625 527 4694 lt
540 4619 666 4705 obliqua
677 4620 758 4685 linea
770 4617 912 4684 interiore
929 4618 1097 4704 aptalateri
1110 4604 1200 4684 modo
1212 4616 1332 4683 sinistro
1344 4622 1386 4696 h,
1405 4614 1495 4682 uodo
1502 4613 1614 4680 dextro
1631 4618 1662 4688 ih
