3650 5342
1373 316 1405 375 dl

182 439 209 523 el
229 438 318 506 atiud
348 446 396 504 est
424 440 595 527 exemplum
625 439 715 506 huius
745 443 858 506 nummi
885 441 916 504 in
944 458 1050 506 museo
1078 437 1308 504 vindobonensi
1332 459 1351 502 a
1373 457 1421 504 me

149 541 279 628 superius
308 544 496 630 descriptum
524 543 661 628 (59,p),
689 543 720 608 in
749 563 811 630 quo
839 543 966 608 initiatis
989 550 1010 615 Ε
1033 548 1138 622 extat,
1164 548 1283 608 ceterae
1305 543 1420 607 litteras

146 665 234 710 novus
256 647 358 712 obruit
380 654 480 733 typus.
562 653 570 666 '

182 749 210 830 [l
233 756 401 823 (Atfittto
424 751 455 812 in
479 749 595 825 antica,
620 755 812 823 ςνεςΑΝο
836 751 866 814 in
890 750 1010 834 poetica
1031 769 1100 814 eum
1122 747 1308 835 Campaniae
1331 747 1422 834 typis.

147 851 298 936 descripsi
320 851 352 916 in
376 852 507 917 nummis
530 853 697 918 suessonis.

183 955 299 1036 (zat)-
313 957 345 1038 pt
369 959 526 1028 (ΛνεΝο
549 955 608 1028 sio.
632 963 662 1018 ot
684 956 785 1020 littera
804 955 835 1026 Α
854 957 882 1019 in
903 954 1014 1031 antica,
1033 955 1065 1028 Α
1083 955 1112 1018 in
1129 952 1332 1039 poeticarum
1350 961 1421 1040 typo

146 1057 245 1140 capitis
260 1057 372 1138 galeati
391 1059 477 1134 deae,
493 1067 524 1123 et
539 1058 568 1122 in
585 1060 703 1144 postica
718 1049 788 1140 fgatti
806 1059 924 1133 stantis,
939 1066 970 1124 et
984 1059 1067 1122 astri.
1086 1056 1155 1123 llidi
1172 1057 1253 1142 apud
1267 1058 1421 1142 Depoletti

146 1161 352 1242 negotiantem.
384 1161 474 1226 atiud
497 1163 666 1246 exemplum
690 1161 797 1228 habuit
823 1161 1027 1229 llinerrinius
1049 1162 1101 1246 qui
1125 1161 1222 1225 edidit
1243 1162 1273 1224 in
1298 1159 1421 1224 Osserv.

146 1264 274 1327 numism.
292 1265 352 1328 tab.
370 1264 423 1340 lll‚
442 1285 469 1328 u.
486 1270 596 1330 deum
620 1265 784 1350 epigraphe
809 1271 991 1339 (MNO,
1013 1272 1046 1329 at
1067 1271 1180 1330 astrum
1203 1261 1316 1336 omisit,
1339 1263 1422 1347 quod

145 1365 214 1430 lorte
235 1365 265 1428 in
290 1387 378 1433 eroso
404 1367 523 1432 metallo
547 1389 604 1432 non
628 1369 804 1453 apparebat.
841 1370 873 1432 ln
896 1369 965 1432 aliis
987 1366 1098 1454 passim
1122 1371 1289 1439 (alento
1309 1364 1420 1444 iisdem

147 1469 232 1554 typis,
254 1477 285 1534 at
309 1471 428 1536 sublata
451 1472 554 1536 littera
577 1473 617 1542 Α.

113 1574 153 1632 62.
173 1575 205 1658 o)
227 1579 434 1646 (ΑΙΑΤΙΝΟ
459 1575 488 1638 in
512 1573 638 1659 postica.

264 1677 363 1762 Caput
384 1677 461 1742 deae
483 1677 645 1758 galeatum.

265 1779 371 1844 Gallus
395 1787 479 1844 stans
502 1787 532 1842 et
554 1786 676 1846 astrum.
726 1837 733 1852 ,

225 1881 289 1946 Vidi
313 1880 437 1946 Parisiis
461 1884 491 1946 in
515 1903 635 1956 museo,
660 1891 690 1948 et
712 1885 792 1968 apud
815 1884 923 1948 ducem
946 1882 985 1947 de
1008 1882 1137 1968 Luynes.

222 1985 357 2050 Tertium
386 1985 557 2069 exemplum
586 1987 693 2051 obtulit
716 2007 853 2052 museum
878 2006 1083 2061 monae-ense,
1107 1987 1135 2048 in
1161 2005 1219 2069 quo
1243 2007 1258 2048 c
1280 1983 1422 2068 angulata

148 2089 273 2151 cernitur
297 2094 513 2160 (ΑΙΑΤΙΝΟ.
537 2087 622 2152 llaec
647 2087 704 2152 tria
727 2097 836 2152 stanno
860 2087 1007 2172 expressi.
1030 2086 1199 2152 duellirrius
1218 2086 1247 2150 in
1268 2085 1338 2150 aliis
1356 2106 1422 2149 esse

148 2195 269 2255 testatur
291 2197 514 2264 (ΑΙΑΤΙΝΩ,
538 2196 745 2262 (ΑΙΑΠΝΟ
769 2199 798 2256 et
821 2197 1039 2265 ordiam:
1063 2210 1120 2273 ego
1144 2210 1202 2253 non
1227 2189 1297 2253 vidi·

186 2293 215 2374 d}
240 2299 454 2364 ...ΙΑΤΙΝΟ
479 2289 514 2355 in¹
532 2295 662 2378 postica,
688 2300 925 2365 llOlCANOM
952 2297 980 2358 in
1004 2291 1114 2357 antica.

265 2396 340 2481 Tp‘pi
354 2403 423 2459 sunt
437 2394 684 2460 deserninorum.
695 2395 795 2482 Caput
806 2395 931 2461 Vulcani
945 2395 1025 2481 pileo
1036 2398 1142 2460 cornico
1153 2396 1288 2460 laureato
1298 2400 1420 2459 tectum.

265 2497 399 2562 Victoria
423 2497 509 2580 bigas
532 2499 661 2581 agitans,

228 2598 312 2664 Edidi
336 2621 371 2665 en
397 2599 592 2664 museollnr.
617 2601 731 2666 Olivae.
756 2601 964 2686 supplendum
990 2601 1131 2664 tloiotiuo.

668 2843 753 2915 lith.
781 2841 853 2915 llll.

367 3030 482 3100 Mulier,
501 3036 607 3083 nummi
626 3035 798 3082 coloniarum
817 3035 968 3082 turinorum
985 3034 1014 3082 in
1031 3035 1151 3081 samnio.

114 3217 155 3278 id.
177 3219 287 3302 (=t8.)
310 3219 343 3300 o}
371 3223 513 3289 Mttttfil
538 3219 566 3281 in
591 3218 717 3302 postica.

270 3320 369 3406 Caput
391 3320 538 3405 Apollinis
561 3321 738 3384 laureatum.

269 3423 328 3486 Bos
352 3423 483 3486 hurrnana
506 3418 596 3497 lanio,
620 3441 714 3506 supra
736 3420 832 3486 cassis
855 3442 923 3487 cum
946 3422 1093 3490 bucculis.

229 3525 371 3590 Nummus
396 3543 505 3588 aereus
529 3526 606 3610 typis
629 3523 793 3608 campanis.

231 3627 330 3694 Edidit
344 3627 562 3692 lllinervinius,

190 3731 218 3812 dl
244 3735 389 3803 ΜΑΗΕξ
416 3731 445 3794 in
470 3729 598 3813 postica.

269 3837 369 3918 tlapnt
392 3833 538 3897 muliebre
562 3831 712 3897 ealeatiea
735 3839 855 3897 tectum.

271 3937 330 4002 llos
354 3937 484 4000 humana
507 3937 598 4009 laeie.
622 3955 714 4020 supra
736 3936 822 4002 larva
844 3935 981 4001 barbata.

231 4036 293 4103 llidi
317 4040 348 4101 in
373 4057 478 4102 museo
501 4036 727 4103 Vindoltonensi
752 4046 782 4101 et
804 4045 911 4104 stanno
936 4038 1082 4122 expressi.

233 4141 328 4206 llabet
358 4140 649 4224 Santangelianum;
679 4143 733 4206 sed
763 4142 803 4204 ibi
833 4140 945 4224 legitor
976 4147 1109 4215 ΜΑιΙΕς
1139 4142 1220 4206 linea
1254 4148 1276 4211 Ι,
1307 4137 1426 4203 iacente

152 4244 259 4308 omissa
280 4235 411 4309 omnino.

230 4347 372 4416 Nummos¹
394 4346 448 4410 hos
472 4345 514 4410 ait
538 4345 754 4411 llornmsonius
778 4347 900 4411 omnino
925 4355 1008 4411 extra
1025 4345 1142 4410 Latium
1159 4365 1338 4429 percussos.
1357 4365 1426 4409 cum

153 4445 257 4513 ladnae
281 4470 318 4514 en
341 4457 426 4534 parte
450 4456 532 4513 certe
553 4447 674 4514 litterae
690 4449 826 4514 coloniae
844 4451 933 4515 alicui
948 4448 1033 4514 latini
1049 4447 1126 4513 iuris
1141 4447 1317 4531 adsignent:
1335 4467 1425 4512 unum

154 4557 241 4614 restat
268 4553 305 4616 de
334 4573 395 4637 quo
425 4550 561 4636 cogitare
589 4551 680 4616 liceat
703 4552 904 4618 Maleventum
929 4551 993 4614 sive
1016 4552 1200 4616 Maluentum
1223 4552 1305 4636 quod
1329 4551 1429 4636 potuit

155 4651 222 4714 olim
244 4655 301 4718 dici
326 4655 474 4720 llalressa
497 4654 545 4720 vel
569 4655 711 4720 dlaliessa
734 4653 773 4718 ab
793 4655 933 4739 llpolliue
949 4654 1255 4733 retrosalientes„
1271 4654 1428 4741 potuitque
