3650 5342
362 305 394 364 lu

352 429 400 491 la.
425 425 549 510 (=l3r')
573 427 605 510 n)
631 432 751 500 ROMA
776 427 806 490 in
831 427 962 513 postica.

517 528 617 615 Capul
638 530 772 594 iuvenile
794 531 966 595 laurearum
990 550 1078 596 cuma
1101 531 1130 594 in
1154 529 1306 597 cervicem
1330 529 1452 596 ssuenle.

373 667 376 674 ·
424 691 429 698 .
516 631 620 726 Equus
643 633 765 698 effrenis
787 633 910 697 saliens.

474 736 528 800 Nsl
549 735 702 810 denariae,
725 735 813 801 cuins
836 742 920 802 exlal
942 738 1115 822 quinarius,
1138 745 1167 802 el
1190 738 1259 802 lilra
1274 757 1372 802 aenea
1387 737 1495 802 iisdem
1512 736 1603 821 lypis,
1618 737 1678 801 nisi

391 839 473 923 quod
496 838 525 902 in
548 857 621 904 aere
643 859 741 924 equus
766 839 901 904 irenalus
926 846 1063 924 apparel.

352 943 399 1004 l3.
424 941 461 1024 (ε
477 942 554 1025 lap)
582 947 701 1016 Ι1οΜΑ
724 944 754 1007 in
777 944 914 1034 paelice..

517 1045 619 1130 Capul
641 1044 717 1110 deae
740 1044 829 1129 galea
851 1046 981 1132 phrygia
1003 1054 1133 1121 lectum,
1158 1045 1361 1119 ollendicibus
1381 1045 1501 1113 selulin.

518 1146 609 1212 Canis
624 1149 787 1231 *gradiens

476 1249 593 1315 Nereus
616 1270 758 1317 nummus
780 1251 896 1316 minimi
921 1239 1049 1326 moduli,
1075 1253 1211 1337 pendens
1234 1271 1370 1334 gramma
1392 1251 1462 1335 gall.
1486 1257 1516 1315 el
1537 1251 1640 1316 semis.

353 1352 408 1420 ll.¹
425 1353 460 1437 (=
475 1354 551 1436 rao)
579 1359 699 1428 ROMA
723 1355 752 1418 in
776 1351 903 1439 postica.
1513 1379 1516 1383 ’

520 1456 618 1542 Capul
640 1457 716 1522 deae
740 1458 905 1539 galealnm.

519 1559 587 1624 Duo
610 1562 815 1646 cornucopiae
838 1562 927 1626 simul
951 1562 1074 1626 iunclae
1092 1568 1125 1624 ul
1142 1563 1172 1625 in
1190 1563 1319 1627 nummis
1336 1559 1460 1625 Vibonis
1476 1559 1631 1626 valentiae
1647 1565 1678 1622 el

563 1663 724 1728 similibus.
888 1664 891 1674 ’

476 1766 623 1832 Nummus
646 1785 755 1832 aereus
778 1775 862 1832 exlal
884 1789 965 1833 nunc
989 1766 1017 1832 in
1042 1767 1261 1842 llirchcriano,
1293 1768 1430 1852 pendens
1453 1787 1498 1850 gr.
1521 1765 1591 1849 gall.
1615 1766 1677 1830 duo

394 1875 425 1932 el
446 1869 549 1934 semis.

353 1975 399 2036 l5.
424 1971 549 2055 (=l3r)
577 1978 705 2045 ROMA
729 1974 775 2038 vel
804 1978 922 2046 ΙὶοΜΛ
947 1975 976 2036 in
1000 1974 1127 2059 postica.

518 2075 617 2159 Capul
638 2074 789 2141 muliebre
811 2097 924 2142 corona
948 2078 1055 2141 lurrila
1076 2075 1223 2152 uinclum,
1247 2079 1463 2163 complumqnc
1485 2073 1655 2140 inauribus.

518 2175 619 2263 Eques
643 2197 723 2264 eqnn
746 2178 879 2244 admissu
902 2181 1050 2244 scuticam
1073 2199 1232 2265 quassans.

475 2279 622 2346 Nummus
644 2301 756 2347 aereus
780 2283 920 2368 pendens
942 2303 987 2366 gr.
1010 2283 1082 2365 gall.
1106 2282 1233 2368 5¹12-7.

475 2383 518 2447 llx
541 2383 589 2448 his
611 2383 726 2450 invenli
750 2387 875 2469 triginta
897 2394 927 2451 el
950 2402 1027 2451 unus
1050 2387 1080 2450 in
1104 2385 1193 2471 aquis
1216 2383 1431 2450 vicarelliauis.

936 2623 1021 2696 GAP.
1051 2624 1092 2697 ll.

625 2817 731 2863 Nummi
755 2820 940 2864 numenei-nm
963 2817 1033 2871 lypis
1055 2828 1110 2864 nnn
1133 2817 1256 2863 romanis
1277 2816 1404 2871 inscripsi

656 2917 813 2980 Romanurn,
826 2917 955 2981 Romanu,
969 2918 1095 2976 Naaman
1109 2918 1241 2980 Ramnes,
1256 2917 1372 2968 llommr.

354 3113 401 3171 16.
427 3107 518 3190 (=l.l
547 3109 768 3177 ROMNNON
795 3103 823 3166 in
850 3101 976 3186 postica.

439 3274 441 3278 ,
520 3207 632 3291 Aquila
654 3205 783 3270 adversa
806 3204 903 3278 nalal,
928 3205 1039 3268 fulmen
1064 3203 1217 3287 unguibus
1240 3203 1353 3267 lenens

520 3309 624 3392 Equus
649 3308 745 3372 alalus
768 3308 900 3371 admisso
924 3307 1022 3390 gradu
1046 3307 1174 3370 lendens
1197 3307 1235 3370 ad
1258 3305 1422 3369 sinisiram.
1455 3305 1573 3372 Pendel
1594 3327 1683 3373 asses

564 3413 626 3474 lere
649 3411 784 3496 quinque
808 3411 888 3474 aeris
912 3412 1025 3494 gravis.

479 3515 641 3578 luvenlum
665 3520 710 3578 esl
732 3533 785 3577 aes
807 3513 836 3576 in
861 3533 935 3599 agro
952 3513 1111 3587 veliterno,
1127 3513 1213 3576 aiunl
1232 3511 1302 3588 Fea,
1321 3509 1490 3575 Niscellan.
1510 3512 1546 3575 ll.
1566 3516 1636 3588 195,
1652 3522 1682 3578 el

394 3617 520 3692 Eclrlrel
535 3616 610 3702 Syll.
628 3615 650 3679 l:
666 3622 715 3691 98,
734 3618 913 3702 illatumque
930 3617 959 3679 in
976 3617 1113 3681 lluseum
1133 3613 1317 3698 Borgianum
1334 3612 1466 3680 Velitris.
1484 3615 1556 3677 Posi
1573 3614 1680 3697 piures

394 3740 491 3786 annus
522 3719 551 3783 in
584 3718 702 3784 Aemilii
738 3717 847 3784 llrauui
882 3739 990 3782 manus
1018 3740 1085 3783 eum
1119 3719 1271 3792 venissel,
1302 3725 1434 3801 emplum
1467 3716 1620 3782 Narchius
1650 3717 1681 3782 iu

394 3811 593 3889 llirelrerian'n
616 3823 786 3888 collocavit.

478 3925 637 4010 lnscriplin
653 3926 837 3992 cerlissima:
855 3935 955 3991 lamen
973 3923 1190 3990 llornmsenius
1207 3925 1341 3988 scribere
1358 3943 1419 3987 non
1434 3924 1585 3987 dubilaril
1600 3946 1630 4009 p.
1644 3930 1681 3987 9:

398 4055 413 4088 n
438 4036 465 4102 Μ
493 4031 643 4114 reperitur
667 4037 777 4114 poste
805 4032 833 4094 in
859 4031 1025 4104 liemarum,
1050 4029 1131 4113 quud
1156 4035 1185 4092 el
1207 4026 1359 4110 singulare
1383 4033 1430 4089 esl
1452 4035 1482 4090 el
1501 4026 1629 4091 dubium
1650 4057 1682 4092 υ.

353 4135 400 4198 ll.
422 4138 643 4205 rOMANOM
668 4135 697 4194 in
722 4131 850 4216 peslica.

518 4233 595 4320 Typi
618 4233 707 4298 iidem
732 4253 768 4298 ac
790 4233 1021 4318 praecedemus.

479 4335 645 4420 Descripsil
668 4334 796 4401 Lanzius
819 4334 932 4417 Saggin
957 4336 993 4398 ll.
1017 4358 1046 4420 p.
1070 4340 1126 4405 127
1139 4359 1145 4398 ;
1169 4338 1384 4418 ignoraverunl
1406 4333 1626 4398 llommsenins
1651 4342 1682 4398 el

333 4498 335 4504 .
392 4440 584 4506 llilschelius.
610 4441 712 4524 Nuper
735 4460 770 4502 ex
795 4439 900 4502 lluseo
924 4439 1105 4520 Guadagniu
1125 4440 1243 4502 transiit
1259 4436 1288 4500 in
1306 4438 1443 4501 llnseum
1462 4436 1681 4502 Britannicum.

354 4549 401 4608 l8.
428 4550 569 4616 ROM..
593 4544 622 4606 in
649 4543 777 4627 peslica.

478 4645 690 4727 Fragmentum
707 4643 787 4709 aeris
800 4666 868 4710 cnm
883 4652 970 4730 parle
986 4652 1124 4730 lppnrum
1141 4664 1168 4705 n.
1185 4647 1246 4706 ll
1271 4640 1503 4728 descriplnrum.
1517 4641 1679 4707 lurenlum
