3650 5342
533 388 729 474 Aquilonum
753 397 895 475 serpente
918 393 1045 456 luctans.
1087 424 1095 444 ·

490 491 577 556 lldidi
601 511 638 556 ex
661 513 764 557 museo
787 494 915 558 Baronis
938 493 1056 561 Olivae.

450 594 475 674 t)
500 593 684 668 alsellmlm
710 597 739 660 in
763 597 874 662 antica.

468 719 471 732 ’
533 697 625 784 Tppis
647 698 764 764 iisdem.

491 800 578 864 Edidi
603 821 639 866 ex
661 804 767 868 eodem
790 821 895 868 museo
918 802 1036 870 Olivae.

491 904 707 970 lllomnrscnius
731 905 774 970 ait
797 913 967 971 nostrorum
993 927 1180 973 nummorum
1198 909 1413 992 inscriptorum
1428 911 1622 985 discreturum,
1637 911 1690 973 Ai-

406 1009 530 1070 serniom
552 1007 710 1072 lectionem
736 1011 922 1092 singularem
947 1020 977 1074 et
1000 1012 1121 1076 dubiam
1146 1033 1204 1076 non
1227 1010 1443 1101 satisidoneis
1466 1011 1595 1078 testibus
1617 1011 1689 1088 niti;

407 1118 469 1174 lum
499 1130 567 1174 esse
597 1130 711 1175 merum
742 1115 881 1179 mendum
912 1112 1048 1177 affirmat.
1085 1113 1164 1180 llaec
1191 1123 1260 1180 sunt
1282 1113 1371 1200 signa
1393 1113 1484 1180 animi
1507 1117 1689 1202 impotentis.

408 1211 469 1277 Cur
491 1210 570 1276 enim
595 1233 653 1277 non
678 1215 752 1278 uidit
774 1217 855 1299 quod
880 1217 908 1280 in
934 1237 1037 1281 museo
1061 1216 1298 1299 Sontangcliano
1318 1219 1347 1281 in
1366 1219 1497 1282 omnium
1517 1219 1623 1282 oculos
1642 1220 1689 1280 in·

408 1317 527 1379 currit‘t
544 1334 599 1379 cur
618 1335 675 1380 non
696 1319 894 1402 interrogarit
913 1321 1048 1384 amicos?
1067 1340 1121 1384 cur
1141 1318 1275 1406 sibiipsi
1295 1323 1360 1386 sine
1375 1339 1468 1386 causa
1483 1321 1690 1386 contradixit?

409 1438 538 1503 namquo
560 1429 648 1485 autea
671 1427 703 1484 ul
726 1419 927 1487 certissimam
943 1429 973 1487 et
990 1421 1227 1488 sincerissimam
1243 1416 1431 1510 epigraphen
1448 1423 1597 1490 habuerat
1611 1426 1690 1510 apud

410 1519 582 1587 Fiorellium
610 1524 699 1606 (hon.
724 1524 752 1588 di
776 1527 915 1591 nuniism.
942 1530 1023 1590 rato
1045 1547 1075 1610 p.
1102 1529 1168 1608 38).

929 1817 1013 1890 [th.
1042 1817 1126 1890 vltl.

367 2251 417 2310 66.
444 2249 476 2330 (ε
495 2249 543 2325 li)
568 2247 601 2328 o)
629 2252 849 2322 ΓΙΑΙΒΤΑΝΟ
874 2245 904 2310 in
928 2247 1042 2322 antica,
1065 2251 1104 2320 hh
1124 2243 1242 2330 (Μξς)
1266 2249 1295 2311 in
1319 2249 1446 2333 postica.

536 2348 634 2435 Caput
655 2347 787 2415 iuvenile
810 2357 929 2414 arrecta
951 2352 981 2413 in
1006 2351 1101 2414 tronto
1124 2369 1225 2426 coma,
1249 2351 1278 2414 iu
1302 2351 1452 2416 cervicem
1476 2350 1555 2416 tluuo
1579 2360 1610 2416 ct
1632 2373 1690 2416 un-

577 2453 666 2516 dante
690 2453 816 2536 capillo,
841 2453 969 2538 palustri
994 2453 1099 2516 frutice
1123 2452 1311 2533 reilimitum3
1334 2472 1414 2538 ponc
1436 2454 1656 2537 capeduncula.

536 2555 601 2620 Duo
624 2555 755 2620 dioscori
780 2558 808 2618 iu
832 2557 920 2640 equis
944 2555 1109 2638 pantherae
1132 2556 1210 2640 pelle
1233 2558 1335 2621 stratis
1358 2555 1543 2634 exultantes,
1562 2577 1690 2642 quorum

486 2681 493 2696 ·
579 2656 729 2741 capitibus
751 2658 868 2735 stellae,
891 2660 986 2722 altera
1003 2678 1082 2722 rrirnc
1098 2659 1217 2736 detrita,
1231 2659 1468 2744 supereminent.
1484 2658 1600 2724 Horum
1617 2660 1692 2724 inte·

580 2761 642 2825 rior
664 2759 718 2845 qui
741 2767 788 2824 est
806 2761 917 2824 intecto
936 2762 1049 2824 vertice
1069 2763 1185 2845 palmae
1204 2782 1335 2835 ramum,
1354 2763 1486 2826 exterior
1503 2758 1634 2844 pileatus
1650 2764 1691 2826 te

547 2891 561 2910 ν
579 2862 674 2928 rutam
700 2863 825 2928 humero
848 2863 1022 2928 reclinatum
1047 2864 1118 2936 tert,
1143 2885 1178 2928 ex
1201 2884 1261 2947 qua
1284 2883 1398 2928 corona
1420 2864 1539 2948 pendet.

495 2966 563 3031 Vidi
587 2967 616 3030 in
640 2987 745 3030 musco
768 2968 951 3031 monacensi.
985 2966 1087 3030 Edidit
1109 2967 1273 3031 hvellinius
1297 2973 1363 3053 post
1385 2965 1612 3055 llillingenum.
1637 2969 1692 3031 de.-

409 3070 593 3156 scripsitque
612 3089 717 3153 opusc.
736 3071 792 3132 vol.
810 3070 848 3146 ΙΙ,
867 3090 894 3152 p.
914 3074 952 3132 93
972 3070 1146 3133 accuratius
1161 3089 1251 3152 quam
1266 3088 1336 3132 aere
1352 3069 1544 3154 cupressitin
1561 3068 1619 3133 lab.
1640 3069 1692 3142 IV,

409 3177 437 3235 lt.
460 3171 642 3236 llilschelius
661 3159 765 3235 'tannen
791 3172 847 3234 hoc
873 3173 973 3236 tabula
998 3193 1071 3236 osus
1094 3179 1141 3234 est
1162 3172 1199 3234 ad
1224 3172 1351 3249 lineam,
1371 3171 1567 3254 quamohrem
1589 3176 1693 3235 nescio

410 3271 500 3359 quam
524 3294 594 3338 vere
618 3275 739 3358 scripsit
763 3274 884 3356 (trien-r.
903 3273 970 3352 ΥΙΙ,
987 3275 1037 3355 59)
1063 3294 1177 3359 gppsco
1193 3295 1225 3337 se
1242 3275 1380 3359 enenrplo
1399 3273 1624 3338 t'tnooooncnsi
1650 3275 1692 3337 ita

410 3397 497 3442 usum
522 3385 555 3443 ut
577 3378 665 3442 simul
690 3375 908 3440 nvrlllnianun
929 3384 959 3439 ct
976 3377 1232 3458 ltlillingeoiauum
1257 3379 1447 3460 exprimeret.
1472 3377 1515 3439 hd
1538 3397 1692 3441 nummum

409 3482 504 3544 musei
537 3479 777 3546 l'indohonensis
801 3499 887 3544 suum
913 3480 1033 3542 dedisse
1056 3479 1183 3542 allienmt
1206 3482 1295 3543 celiam
1319 3480 1544 3544 llomnrsenius
1578 3480 1610 3543 ln
1635 3481 1692 3548 dee

410 3583 573 3667 scriptione
596 3592 734 3646 errarunt
753 3603 865 3646 onmes.
891 3582 1059 3647 Avellinius
1078 3583 1107 3646 in
1128 3582 1354 3646 lindolmuensi
1373 3603 1428 3646 scu
1444 3581 1618 3647 Corelliano
1635 3581 1694 3647 hoc

411 3705 636 3766 monogramma
658 3705 725 3748 esse
748 3684 825 3749 dixit
848 3692 884 3764 tt(
909 3685 985 3768 (vid.
1001 3685 1134 3749 aninmd.
1155 3687 1193 3749 acl
1214 3686 1323 3749 Carelli
1343 3686 1431 3750 cat-al.
1449 3687 1496 3748 ccl.
1515 3684 1545 3748 in
1565 3685 1694 3750 Corellio

344 3847 352 3862 ,
408 3789 642 3872 cavedonionol.
663 3787 738 3852 'lum
756 3789 970 3854 llommscnius
986 3787 1097 3852 lineum
1114 3789 1196 3852 illam
1213 3788 1379 3862 sinuosam,
1395 3807 1457 3871 qua
1472 3794 1581 3852 terram
1598 3791 1692 3870 sigui·

409 3893 499 3958 licant
521 3889 666 3962 artifices,
690 3892 801 3974 cuique
825 3893 885 3956 duo
909 3892 1028 3975 equites
1053 3891 1202 3965 insistunt,
1228 3892 1302 3954 mire
1321 3899 1533 3975 proserpente
1557 3895 1694 3976 accepit:

407 4013 496 4079 quam
520 4015 591 4058 voro
611 3993 671 4057 dixi
692 3995 932 4077 capedunculam
952 4013 1080 4079 cpcnum
1100 3999 1168 4077 post
1187 3992 1264 4058 alios
1284 3994 1457 4078 appellarit.
1482 3995 1644 4058 Praeterea
1663 3994 1693 4056 in

409 4099 509 4163 antico
533 4105 626 4181 caput
648 4098 797 4180 Apollinis
822 4099 1011 4172 laureolum,
1039 4096 1069 4159 in
1094 4098 1212 4179 postica
1235 4103 1397 4180 utrumque.
1421 4098 1553 4179 eqrrilcm
1576 4097 1695 4180 palmas

410 4211 527 4274 tenere,
548 4200 689 4284 introque
705 4219 773 4264 esse
791 4199 916 4262 litteram
936 4206 963 4270 Μ
985 4199 1154 4264 atlirmauit.
1174 4201 1287 4262 l'ameu
1305 4199 1495 4280 llillingeuus
1510 4199 1694 4264 Avellinium

409 4311 568 4370 monuerat
585 4304 665 4367 illam
686 4302 714 4365 iu
736 4301 847 4366 nummi
868 4302 970 4368 antica
987 4303 1147 4384 imaginem
1166 4303 1317 4386 Apollinis
1329 4322 1396 4365 esse
1413 4322 1471 4365 non
1490 4302 1696 4387 possemque

410 4409 437 4471 in
469 4407 625 4492 opusculis
655 4404 863 4488 ,llilliugonum
889 4413 1031 4480 secutus,
1056 4413 1103 4467 est
1126 4406 1285 4489 opinatus,
1311 4404 1435 4468 flurium
1459 4405 1580 4468 Silarim
1602 4407 1695 4491 poss'e

409 4510 536 4584 relemc,
560 4511 642 4593 quod
666 4517 746 4572 recte
771 4508 961 4572 continuarit
983 4509 1074 4571 alianto
1098 4529 1218 4572 nuomio
1241 4508 1465 4591 Salapinorum.
1492 4506 1590 4591 ltipae.
1613 4513 1695 4572 certe

409 4612 515 4676 Silarls
539 4620 607 4677 surrt
630 4612 812 4696 paludosae,
835 4614 1027 4696 intactaeque
1049 4612 1148 4675 iuncis
1171 4619 1201 4674 et
1224 4611 1332 4675 trulicc
1356 4610 1491 4696 palustri.
