3650 5342
346 279 377 340 lb

331 405 445 468 dratam
468 403 605 474 dicimus,
622 403 711 468 ouius
727 404 848 468 inferior
862 404 945 469 linea
960 405 1023 468 lere
1039 412 1092 470 aut
1106 406 1227 469 omnino
1243 407 1347 469 iacens
1365 416 1389 480 L
1408 405 1502 470 behet
1517 409 1650 491 speeiem

331 505 432 590 anguli
464 509 537 571 recti
573 515 615 586 Μ
650 526 864 588 nonnunquam
897 525 967 571 vero
995 507 1138 590 angulum
1172 527 1250 590 pene
1277 507 1419 572 obtusum
1448 507 1574 592 praebat
1606 512 1652 590 Q,

333 617 363 672 ut
383 611 411 672 in
435 612 603 696 quincunce
624 607 821 684 Larinatium,
844 617 875 674 et
896 611 981 682 alibi,
1005 610 1043 674 de
1065 628 1127 693 qua
1149 618 1250 674 lamen
1273 609 1321 674 hic
1343 613 1481 694 quaestio
1504 631 1562 675 non
1586 613 1652 683 erit,

330 733 398 776 curn
423 713 622 796 negligentiae
646 714 746 796 potins
765 712 915 776 artilicum
934 711 1096 776 tribuenda
1112 711 1258 777 videatur.
1283 714 1334 777 Est
1350 724 1379 777 et
1393 713 1557 796 aliquando
1572 715 1654 778 linea

332 815 406 880 haec
428 815 532 879 iacens
554 836 613 881 non
637 821 732 891 reeta,
755 814 809 880 sed
833 814 968 878 nonnihil
991 815 1125 900 repanda
1151 824 1186 890 L,
1211 834 1301 900 quam
1320 817 1444 881 lormarn
1461 819 1498 881 ad
1517 816 1655 901 calligra-

330 918 452 1003 phicum
482 920 610 983 studium
637 917 768 981 arbitror
788 919 954 1001 pertinere.
986 916 1039 980 llis
1062 919 1165 1002 itaque
1189 921 1349 1001 postremis
1371 920 1475 983 formis
1498 919 1653 1004 sepositis,

330 1022 369 1085 ad
399 1027 459 1085 tres
490 1021 603 1106 priores
630 1021 735 1092 redeo,
764 1021 801 1083 de
829 1037 956 1102 quarum
979 1020 1069 1084 initiis
1097 1029 1127 1084 et
1155 1041 1212 1086 usu
1237 1021 1421 1086 liitschelius
1444 1023 1558 1106 primus
1579 1021 1654 1085 haec

332 1126 453 1188 statuit:
476 1127 494 1194 l
519 1129 638 1187 acutam
670 1128 731 1186 toto
759 1122 879 1189 saeculo
903 1124 1008 1207 quinto
1030 1123 1212 1207 perdurasse
1228 1131 1258 1188 et
1276 1130 1362 1188 senio
1380 1143 1449 1189 cum
1476 1133 1499 1202 t
1525 1124 1654 1188 inediam

330 1227 463 1310 speciem
495 1225 645 1305 habente;
669 1225 795 1310 putabat
824 1227 902 1320 enim
932 1226 1009 1289 hauc
1038 1226 1168 1290 mediam
1198 1228 1328 1311 speciem
1358 1234 1462 1292 extare
1490 1228 1520 1291 in
1546 1245 1653 1291 sarro-

331 1329 429 1414 phago
454 1328 592 1407 Barbati;
619 1335 654 1391 at
679 1347 746 1392 cnm
775 1326 936 1394 didicisset
961 1327 1002 1391 ihi
1034 1329 1163 1392 mediam
1193 1329 1323 1413 speciem
1351 1340 1374 1409 ι,
1398 1337 1502 1395 extare
1527 1330 1653 1404 nnllam,
1695 1368 1704 1393 a

330 1451 475 1496 canonem
511 1432 651 1507 mutavit,
680 1429 842 1513 docuitque
870 1432 879 1491 l
907 1429 1035 1522 mediam
1065 1431 1142 1495 hanc
1173 1433 1305 1516 speciem
1337 1432 1496 1498 habentem
1525 1415 1652 1517 primum

267 1551 275 1568 ·
329 1553 477 1622 apparere
504 1534 627 1598 saeculo
650 1534 777 1617 septimo
803 1535 832 1597 in
857 1532 942 1598 titulo
969 1533 1153 1599 hlrrmmiano
1175 1553 1203 1598 a.
1227 1554 1256 1598 u.
1278 1555 1304 1598 c.
1329 1540 1412 1610 608,
1436 1555 1533 1619 eaque
1556 1543 1655 1600 aelate

330 1638 423 1703 luisse
442 1638 602 1701 inductam.
626 1636 773 1719 Tempore
791 1633 861 1699 dein
880 1634 979 1700 adhuc
1002 1636 1120 1702 doctior
1138 1635 1233 1703 lactus
1256 1637 1370 1721 quievit
1388 1638 1417 1700 in
1436 1636 1492 1701 hae
1509 1639 1656 1701 sententia

330 1760 420 1824 quam
444 1739 682 1803 recentissimam
705 1738 873 1822 proposuit:
902 1738 1014 1802 nullum
1038 1739 1095 1802 iam
1123 1720 1191 1803 csse
1214 1737 1376 1805 discrimen
1403 1741 1480 1804 inter
1500 1739 1557 1806 has
1578 1740 1655 1804 duas

330 1842 443 1906 formos
465 1859 545 1926 quae
568 1847 671 1904 essent
693 1842 815 1904 saeculo
846 1839 952 1924 quinto
981 1847 1012 1904 et
1036 1848 1119 1905 sexto
1146 1840 1315 1919 adhibitam
1344 1841 1510 1926 quadratae
1536 1851 1558 1912 t
1583 1861 1655 1906 nero

331 1946 454 2009 exordia
477 1931 544 2009 esse
567 1943 742 2028 quaerenda
765 1944 842 2006 inter
860 1942 958 2027 ipsius
975 1943 1087 2008 saeculi
1106 1946 1180 2007 sesti
1200 1952 1368 2029 postremos
1386 1964 1480 2008 annos
1500 1948 1654 2008 arn-can.

331 2046 418 2126 Quae
441 2047 655 2110 llommsenins
678 2046 715 2109 de
737 2053 836 2110 aetate
866 2045 971 2110 harum
1000 2046 1161 2110 lormarum
1190 2044 1356 2130 aliquando
1383 2044 1585 2131 pronuntiavit
1606 2066 1656 2110 ne

330 2150 470 2221 scissem,
501 2146 559 2212 nisi
588 2169 633 2212 nne
662 2147 816 2213 docuisset
845 2149 1023 2223 lloulezius,
1056 2147 1107 2233 qui
1137 2150 1241 2212 citavit
1263 2151 1291 2212 in
1315 2148 1482 2214 Annalibus
1506 2149 1653 2221 lnstituti,

331 2253 389 2316 rol.
406 2249 521 2315 llllllll
540 2253 657 2334 (¹⁸59b
671 2269 738 2334 pag.
757 2255 825 2314 tte.
845 2253 894 2314 hit
908 2271 1014 2333 nempe
1031 2251 1210 2335 quadratam
1226 2251 1351 2316 sormam
1366 2254 1493 2336 primum
1508 2269 1655 2336 apparere

331 2356 416 2420 initio
432 2354 546 2419 saeculi
566 2352 683 2438 septimi
703 2355 731 2416 in
749 2355 833 2416 titulo
853 2353 1046 2429 lllunnniano,
1063 2361 1093 2417 et
1108 2373 1134 2416 a.
1153 2357 1213 2417 637
1231 2356 1261 2417 in
1277 2353 1478 2419 llinnciorum
1495 2356 1654 2418 sententia.

332 2457 388 2522 llic
407 2463 471 2522 orat
490 2455 578 2521 huius
598 2456 752 2520 doctrinae
771 2465 925 2539 aspectus.
944 2455 974 2520 hi
995 2461 1213 2522 tiermanorum
1236 2455 1361 2524 istorum
1377 2477 1524 2536 canones,
1543 2457 1655 2542 quibus

330 2581 397 2624 cnm
427 2569 620 2646 monumenta
652 2557 859 2644 opposuissem
889 2579 967 2642 quae
996 2559 1147 2624 docebant
1175 2567 1197 2628 1.
1229 2556 1412 2643 quadratam·
1441 2562 1507 2643 ipso
1532 2560 1655 2624 sacculo

330 2671 414 2728 sexto
439 2669 627 2746 usurpatum,
653 2663 711 2724 imo
735 2681 771 2725 eo
795 2663 973 2747 incipiente,
997 2661 1213 2726 llommsenins
1237 2663 1370 2746 paullum
1392 2683 1411 2726 a
1432 2661 1584 2726 sententia
1606 2683 1654 2726 re·

331 2766 422 2830 cessit
445 2764 537 2848 (Bull.
562 2765 656 2828 lostit.
682 2769 773 2840 t860,
798 2783 864 2848 pag.
882 2768 960 2836 205,
980 2772 1065 2840 nota,
1085 2764 1193 2828 Rhein.
1217 2755 1293 2828 blus.
1316 2787 1345 2830 n.
1368 2765 1387 2828 l.
1410 2763 1469 2840 lll,
1494 2769 1578 2847 aar),
1599 2785 1656 2829 nec

293 2924 298 2934 .
330 2877 428 2932 tannen
453 2868 538 2932 initia
562 2875 584 2936 1.
607 2869 771 2953 quadratae
795 2866 896 2932 retulit
919 2869 997 2931 ultra
1020 2866 1152 2932 medium
1171 2868 1325 2932 saeculum
1349 2875 1477 2932 sextum.
1492 2867 1566 2930 Cum
1583 2886 1655 2931 cero

330 2971 481 3035 recentius
504 2970 540 3034 de
565 2973 693 3034 nummis
716 2978 820 3054 ageret
847 2969 1030 3048 familiarum
1058 2989 1267 3045 romanarum,
1289 2990 1403 3054 eosque
1431 2970 1536 3034 ordine
1562 2970 1654 3034 chro-

329 3072 467 3156 nologico
487 3071 665 3137 distribuere
683 3071 870 3157 suscepisset
884 3092 973 3166 pono,
992 3091 1111 3136 omnem
1135 3092 1218 3157 spem
1237 3071 1413 3156 proficiendi
1432 3092 1468 3136 es
1489 3073 1584 3136 lorma
1602 3071 1654 3136 lit-

331 3184 412 3240 terao
432 3178 441 3235 t
458 3183 564 3240 acutae
582 3183 613 3238 et
631 3176 796 3260 quadratae
817 3176 1030 3258 propemodum
1050 3174 1199 3239 abiecisse
1216 3195 1250 3239 se
1267 3175 1352 3251 dixit,
1371 3182 1497 3239 testatus
1513 3176 1656 3266 litteraol

330 3270 438 3343 acutare
462 3283 492 3342 et
513 3277 679 3362 quadratae
702 3278 812 3341 lorrnas
828 3285 930 3342 entare
950 3279 1136 3360 promiscuas
1158 3277 1222 3341 sire
1244 3279 1272 3340 in
1296 3278 1526 3362 antiquioribus,
1543 3278 1607 3342 sice
1625 3278 1655 3341 in

330 3379 549 3445 recentioribus
573 3380 714 3454 nummis,
738 3379 875 3462 adeoque
895 3381 1036 3445 accidere
1053 3389 1086 3444 ut
1105 3383 1114 3441 l
1133 3382 1280 3465 quadrata
1302 3382 1344 3443 sit
1360 3381 1389 3442 in
1404 3386 1507 3444 vetere
1526 3399 1657 3454 nummo,

330 3490 360 3546 et
382 3488 471 3546 cicuta
493 3481 523 3544 in
548 3481 674 3545 recenti:
701 3509 715 3540 o
742 3483 781 3546 La
804 3482 899 3546 lorme
922 3483 960 3545 de
984 3482 1025 3545 l'l
1047 3481 1171 3567 poiutue
1194 3484 1270 3546 n'est
1291 3503 1346 3566 pas
1369 3503 1409 3547 un
1431 3473 1586 3547 criterium
1610 3484 1657 3546 in-

330 3611 343 3644 »
373 3585 496 3648 laillible
513 3585 724 3648 ‹l’anciennete'
743 3581 885 3666 (Histoire
902 3585 940 3648 de
957 3587 986 3649 la
1005 3584 1143 3650 mnnnaie
1163 3586 1306 3666 romaine,
1327 3583 1458 3649 traduite
1475 3603 1532 3670 par
1547 3585 1574 3647 le
1589 3585 1656 3649 Due

291 3683 293 3688 '
330 3713 343 3746 »
373 3689 410 3751 ite
435 3686 555 3765 blacos,
578 3685 677 3752 e'dite'e
707 3707 762 3770 par
791 3689 818 3750 lc
845 3687 944 3751 baron
968 3686 1006 3750 de
1028 3687 1138 3762 Witte,
1163 3688 1218 3751 rol.
1248 3687 1291 3762 ll,
1315 3708 1343 3772 p.
1370 3687 1488 3767 illitis.
1511 3685 1596 3750 llaec
1619 3706 1656 3752 es

331 3789 469 3854 nummis.
492 3789 601 3853 Verum
625 3788 650 3853 si
674 3789 900 3854 consideremus
918 3791 1058 3874 exempla
1075 3809 1154 3873 qnae
1172 3788 1388 3854 llommsenius
1411 3796 1535 3853 nonest
1556 3807 1659 3873 perse-

329 3899 426 3972 cutus,
441 3890 664 3975 viderirnusque
682 3911 779 3977 pauca
796 3912 864 3957 esse
883 3899 914 3958 et
931 3894 1108 3977 plerumque
1127 3913 1162 3958 en
1182 3891 1358 3957 coniectura
1374 3891 1444 3956 huic
1462 3893 1554 3956 aetati
1573 3889 1655 3956 assi·

329 4004 427 4079 gnata,
443 3995 489 4059 rel
507 4003 566 4059 tarn
582 3996 766 4062 continentia
781 3997 903 4060 saeculo
919 4003 1004 4060 sexto
1020 4003 1052 4060 nt
1067 3997 1132 4060 eius
1151 3999 1250 4079 potius
1265 3995 1492 4060 consuetudinis
1506 3992 1657 4079 reliquiae

329 4097 390 4164 dici
413 4097 559 4174 debeant,
576 4098 622 4161 rel
639 4099 703 4163 eius
722 4101 839 4183 generis
858 4117 938 4184 qnae
956 4098 1043 4163 aliter
1058 4099 1201 4183 explicari
1225 4101 1356 4184 possint;
1375 4097 1463 4163 laoile
1478 4096 1657 4162 sententiam

329 4207 460 4266 nostram
478 4200 636 4278 tuebimur,
650 4219 711 4285 qua
722 4201 891 4274 statuimus,
908 4203 919 4262 l
934 4209 1040 4266 acutae
1057 4202 1137 4265 ultra
1151 4200 1238 4265 initia
1252 4200 1368 4266 saeculi
1384 4201 1503 4287 septimi
1519 4199 1659 4285 exempla

329 4323 397 4370 esse
419 4323 489 4369 rara
505 4312 535 4369 et
550 4323 666 4389 sparsa,
681 4323 760 4389 quae
779 4311 825 4368 est
842 4303 975 4370 conditio
993 4305 1090 4369 ornuis
1105 4302 1339 4389 orthographiae
1353 4310 1385 4368 et
1406 4303 1606 4380 litteraturae,
1622 4309 1659 4367 nt

327 4415 448 4492 praeter
471 4427 580 4472 morem
604 4405 770 4471 identidem
792 4413 911 4480 veteres
936 4406 1049 4472 lormac
1072 4406 1263 4472 reviviscant.
1286 4406 1347 4471 Sed
1363 4406 1439 4471 haec
1462 4426 1539 4492 opus
1556 4412 1605 4470 ost
1622 4413 1659 4470 ut

328 4507 477 4595 exemplis
500 4510 635 4575 excussis
658 4511 792 4596 pressius
815 4512 1065 4576 demonstrentur.
1091 4509 1186 4592 lgitur
1209 4529 1289 4595 quae
1311 4518 1476 4574 extremum
1500 4509 1656 4574 saeculum

329 4620 446 4678 sextum
459 4620 584 4696 tangunt
595 4633 633 4678 ex
644 4615 797 4680 sententia
808 4613 1007 4688 llommsenii,
1020 4613 1150 4678 nummis
1161 4615 1353 4678 continentur
1364 4611 1481 4699 periodi
1491 4611 1659 4692 secundae,
