3650 5342
345 243 393 299 156

331 364 448 434 lleleua
469 365 695 431 descenderant.
718 365 821 430 Altera
842 387 879 431 en
902 374 987 451 parte
1010 367 1104 432 cistae
1119 368 1260 452 Chryseis
1276 367 1370 433 Aiace
1385 367 1493 434 comite
1510 369 1644 436 duabus·

330 487 390 553 que
411 466 524 554 puellis
547 466 774 553 equitantibus,
798 468 986 534 lluimamma
1008 478 1039 534 et
1061 470 1255 562 Cassandra,
1279 471 1359 535 dona
1379 472 1479 537 leneus
1501 472 1645 557 templum

330 571 393 634 adit
413 571 561 656 Apollinis
583 571 739 645 Sminthii,
762 572 849 635 cuius
874 572 901 635 iu
926 570 1028 636 linrine
1047 573 1234 658 conspicitur
1251 575 1345 638 Aeses
1360 573 1487 638 iuuenis.
1509 575 1543 638 ln
1560 595 1647 660 oper-

328 672 397 738 culo
421 673 522 738 Venus
545 671 577 737 in
601 673 706 756 trigis,
729 675 871 738 ductante
898 694 993 758 equos
1016 674 1174 740 cbaridum
1196 696 1276 755 una,
1299 677 1471 762 insequitur
1492 679 1644 760 Augeuam

201 773 205 781 ’
327 776 474 861 puellam,
497 796 591 860 quae,
614 776 700 857 trigis
721 777 885 852 inscensis,
910 778 948 841 ad
971 778 1110 841 iuvenem
1127 786 1287 865 properat,
1301 781 1352 864 qui
1369 798 1405 844 ea
1420 777 1644 864 conspecta'lu-

329 897 396 960 gam
418 877 555 943 inhibere
577 879 706 944 ridetur.

369 981 458 1046 lididi
480 981 510 1058 iu
533 982 610 1045 Ann.
632 981 726 1047 lnstit.
748 981 867 1048 boruss.
883 983 1005 1047 loccit.
1030 1003 1085 1048 uec
1108 990 1207 1048 tamen
1231 983 1321 1051 simol
1344 1005 1410 1050 cum
1434 1004 1471 1049 ea
1494 986 1643 1050 iuventam

327 1083 406 1163 dixi,
429 1103 520 1169 quam
543 1083 614 1148 dedi
636 1103 745 1170 supra:
768 1086 849 1170 quod
872 1092 984 1150 temere
1007 1085 1135 1152 adimunt
1156 1086 1380 1156 Mommsenius,
1402 1085 1566 1154 Alexandri
1588 1108 1641 1153 uo·

328 1179 417 1251 minis
445 1194 581 1252 extrema
610 1185 727 1271 syllaba
756 1187 813 1252 sub
841 1187 919 1272 pede
942 1189 1037 1253 cistae
1059 1188 1150 1263 latet,
1173 1188 1240 1272 lege
1263 1188 1444 1255 Alirentros.
1478 1190 1590 1255 Romae
1614 1192 1642 1254 in

326 1288 456 1354 vetustis
478 1289 563 1354 urbis
586 1290 732 1374 operibus
754 1290 910 1354 Alixentor
932 1309 966 1355 se
989 1291 1098 1374 legisse
1122 1299 1250 1356 testatur
1266 1293 1472 1371 Quintilianus
1490 1291 1642 1375 (lustitl,

326 1389 373 1470 lll,
396 1394 443 1475 6).
466 1393 584 1458 Ateleta
605 1411 659 1476 pro
681 1393 822 1456 Atalanta
846 1393 992 1477 scriptum
1015 1393 1121 1458 habuit
1143 1394 1282 1470 labnius,
1305 1415 1501 1480 praesumens
1518 1396 1642 1460 comites

327 1515 363 1560 ex
386 1494 551 1563 lleroidum
574 1515 686 1577 genere
709 1495 844 1560 Helenae
868 1495 969 1561 datas:
990 1497 1069 1562 Alsir
1090 1498 1227 1562 laconica
1249 1499 1345 1562 lorum
1361 1499 1479 1564 videtur
1493 1498 1571 1562 dicta
1586 1519 1641 1584 pro

325 1597 425 1674 Alsis,
448 1597 561 1691 'aiom
586 1596 720 1675 Ἀλσηΐς,
744 1606 777 1664 ut
793 1600 888 1673 ,Grisis
910 1619 965 1684 pro
990 1601 1100 1662 criseis.
1136 1601 1168 1663 lu
1192 1599 1326 1666 Helenae
1347 1602 1468 1666 nomine
1490 1601 1641 1685 digamma

325 1699 445 1765 litterae
467 1699 585 1765 afflatae
608 1699 706 1765 locum
731 1707 834 1778 tenet,
857 1707 890 1766 ut
912 1702 942 1764 iu
968 1704 1104 1776 ferales,
1129 1704 1230 1779 Fasia,
1256 1711 1336 1775 Fata.
1360 1701 1477 1768 Crisida
1498 1723 1553 1788 pro
1576 1703 1641 1768 Cri·

325 1802 409 1868 seida
429 1822 485 1888 per
506 1804 691 1870 anadromen
715 1802 753 1868 ab
776 1807 948 1870 accusativo
967 1804 1128 1887 (Priscian.
1145 1803 1228 1881 llll,
1246 1811 1274 1879 5,
1291 1807 1346 1891 ab)
1365 1806 1461 1885 dieta;
1485 1805 1637 1893 Chrysus,

326 1905 444 1988 Χρυσηῒς
466 1913 527 1970 est:
551 1925 588 1970 en
610 1906 770 1971 comitibus
793 1907 888 1972 altera
912 1905 1111 1984 Oinumama,
1134 1927 1223 1992 quam
1247 1911 1321 1973 scite
1344 1907 1467 1974 labnius
1484 1927 1553 1974 esse
1568 1908 1639 1973 Uni·

325 2029 483 2075 mammam
506 2009 602 2084 dixit,
625 2009 745 2074 nomiae
768 2009 963 2094 appellativo,
986 2012 1127 2084 Amazon,
1151 2010 1340 2095 posito-loco
1364 2011 1492 2075 nominis
1514 2013 1637 2095 proprii,

325 2114 420 2178 altera
443 2111 591 2177 Casenter
613 2121 819 2197 nuncupatur,
843 2132 922 2196 quae
943 2112 973 2176 in
997 2116 1123 2178 vetustis
1147 2113 1230 2179 urbis
1246 2115 1405 2199 operibus,
1420 2115 1527 2179 eodem
1543 2114 1640 2192 Quin·

325 2216 429 2281 tiliano
452 2223 547 2290 teste,
578 2215 756 2279 Cassantra'
771 2215 923 2300 appellata
945 2225 1001 2279 est.
1036 2215 1159 2280 luvenis
1181 2218 1288 2290 Aises,
1310 2237 1400 2302 quem
1423 2214 1639 2281 llommsenius

323 2315 397 2402 legit
424 2318 536 2392 Teses,
566 2316 640 2382 milri
670 2316 793 2383 videtur
816 2319 922 2382 Aesius
944 2339 1024 2384 esse.
1060 2321 1155 2383 Aeses
1177 2339 1246 2384 vero
1268 2339 1323 2403 pro
1346 2321 1447 2392 Aesis,
1471 2319 1562 2403 idque
1584 2339 1638 2403 pro

291 2481 295 2494 ,
324 2418 451 2498 Aesios,
475 2420 595 2500 Αἴσιος,
624 2427 658 2484 ιιι
679 2421 844 2496 Mercuris,
869 2421 964 2485 l'ibis.
998 2423 1154 2504 Augenam
1177 2423 1309 2508 puellam
1331 2441 1440 2505 graeca
1464 2442 1499 2485 eu
1523 2422 1636 2504 origine

322 2525 468 2589 Auroram
491 2522 674 2610 appellatam
697 2531 791 2610 puto,
815 2543 893 2608 quae
917 2525 1043 2590 Graecis
1065 2523 1136 2589 olim
1166 2526 1252 2606 Adpi
1282 2526 1362 2590 dicta
1383 2534 1439 2590 est.
1473 2524 1585 2617 Artifex
1607 2525 1636 2587 in

319 2645 446 2712 corpore
468 2627 563 2692 cistae
585 2647 638 2712 pro
662 2627 771 2713 Ulysse
795 2629 915 2694 Aiacem
939 2626 1098 2712 scripsisse
1120 2628 1249 2693 ridetur.
1643 2631 1648 2643 ’

325 2850 395 2914 525.
416 2883 458 2895 -
480 2847 565 2914 Cista
587 2848 751 2914 Praeneste
773 2849 895 2928 ellossa,
920 2849 990 2915 inde
1012 2851 1124 2915 Romae
1146 2851 1227 2935 apud
1250 2850 1446 2915 Pasinatium.

241 3061 244 3075 ⁴
342 3074 509 3146 ritanus
555 3078 667 3147 ooxn
713 3077 936 3148 tnouuson
982 3077 1218 3147 nineormos
1264 3078 1376 3149 tecet
1424 3077 1615 3146 soranos

618 3297 621 3302 ,
693 3234 930 3302 ncususuo
976 3203 1107 3303 rsron'
1145 3234 1260 3304 ontis

795 3401 798 3409 ⁴
911 3439 1044 3507 saeros

362 3653 493 3738 Legibus
516 3656 688 3722 certaminis
711 3655 861 3742 equestris
878 3656 907 3720 in
925 3656 1065 3722 columna
1082 3657 1248 3745 propositis
1263 3658 1335 3722 Aiax
1353 3656 1458 3723 Oileus
1472 3676 1539 3721 cum
1555 3657 1634 3739 Aga-

320 3777 477 3824 memnone
498 3760 640 3824 videntur
662 3762 820 3834 certaturi,
845 3760 1006 3826 comitibus
1029 3761 1151 3826 Soresio
1174 3769 1266 3847 atquo
1291 3761 1400 3836 lstoro,
1414 3760 1526 3824 Laride
1542 3768 1633 3843 atque

319 3861 493 3928 Ladumeda
516 3863 732 3948 spectantibus.
756 3864 853 3928 Locus
876 3866 1032 3929 certamini
1056 3885 1180 3949 campus
1203 3875 1251 3928 est
1273 3864 1350 3928 silva
1371 3861 1634 3948 circumscriptus,

319 3985 407 4050 quem
431 3965 552 4031 Silanus
575 3985 642 4032 cum
665 3967 751 4032 Dora
773 3965 953 4049 significant.
969 3967 1002 4032 ln
1021 3969 1164 4052 operculo
1180 3968 1310 4045 Silenus,
1324 3964 1502 4051 pronomine
1515 3965 1633 4042 Ebrios,

318 4069 421 4149 sedet,
445 4068 556 4134 semina
578 4077 608 4134 et
630 4070 676 4134 rir
698 4071 841 4133 monstris
864 4069 999 4135 insident
1018 4069 1152 4136 marinis.

359 4171 512 4256 Descripsi
536 4173 618 4256 apud
641 4170 843 4237 Pasinatium:
866 4171 979 4259 prodiit
1001 4173 1112 4239 deindo
1134 4177 1164 4238 in
1187 4175 1263 4237 Auo.
1286 4174 1383 4238 lustit.
1403 4174 1520 4238 boruss.
1541 4175 1631 4248 reru,

316 4281 374 4340 tar.
397 4273 503 4352 llllll,
528 4273 645 4350 lllllll,
670 4293 737 4357 pag.
761 4279 822 4338 335
845 4295 909 4358 seq.
945 4274 1040 4359 Leges
1062 4275 1092 4339 iu
1117 4275 1230 4341 tabella
1251 4279 1475 4362 praescriptae,
1504 4277 1579 4339 Aiax
1601 4283 1632 4339 et

315 4379 523 4459 Agamemnon
548 4398 614 4442 cum
638 4377 725 4462 equis
749 4379 871 4462 paribus
894 4376 1068 4463 opinionem
1091 4377 1163 4443 mibi
1186 4371 1323 4444 lecerunt
1343 4381 1391 4462 agi
1415 4379 1453 4443 de
1468 4377 1632 4443 certamine

318 4481 461 4565 equestri.
486 4479 557 4546 Lais
579 4488 609 4545 et
631 4479 798 4555 Laomeda,
820 4479 900 4546 lstor
922 4488 953 4546 et
974 4480 1116 4546 Soresius
1142 4484 1178 4565 (=
1200 4481 1382 4566 Σωρέσιος),
1405 4483 1524 4547 demum
1545 4482 1631 4546 Dora

316 4580 429 4648 indicio
459 4581 531 4647 mibi
559 4591 629 4648 sunt
657 4581 704 4648 bis
727 4581 813 4668 quasi
837 4585 976 4669 personis
999 4583 1163 4666 allegorice
1187 4583 1351 4667 significari
1376 4585 1503 4668 primum
1526 4589 1628 4648 certa-
