3650 5342
1399 296 1446 356 lbd

141 414 199 481 Noc
227 411 316 482 aliter
345 415 436 482 blansi
466 418 573 483 iecisse
603 418 761 494 videntur,
788 419 839 503 qui
863 439 918 504 pro
941 417 1128 497 Quaestorcs
1151 420 1180 484 in
1195 418 1290 485 'titulo
1313 419 1459 504 Supinate

142 507 275 584 scribunt
290 518 479 598 Queistores
500 520 532 583 ln
548 519 632 584 Latio
649 519 801 602 gentilicia
817 521 967 605 quaedam
983 522 1107 586 nomina
1120 523 1211 586 eliam
1225 523 1457 606 praenominum

141 621 204 686 loco
228 622 320 687 luisse
342 622 415 687 alibi
438 623 551 688 dudum
575 623 686 698 docui,
711 624 798 688 cuins
822 625 912 690 moris
936 625 1074 709 exempla
1096 624 1158 689 alia
1180 625 1289 690 deinde
1319 645 1460 690 accesse-

140 731 216 810 runt.
240 723 283 788 Er
305 723 352 788 bis
376 725 524 809 quaedam
546 726 588 789 ita
611 723 796 811 frequentari
822 733 928 808 cocpla
950 734 1020 790 sunt
1042 738 1074 789 ut
1097 729 1126 790 in
1151 746 1308 792 nnmerum
1330 747 1459 814 praeno-

140 827 249 891 minrmn
277 825 457 891 habeantur.
491 826 591 892 Celeia
619 835 718 892 lamen
747 829 841 892 lorrua
864 827 1020 910 gentilicia
1042 822 1248 895 videturesse
1272 831 1458 915 pronominis

140 929 204 993 loco
225 928 314 1014 quasi
336 929 474 995 Caesula.
497 928 576 994 Huic
595 928 722 996 feminac
738 930 955 1015 appellativum
972 932 1066 994 Fatue
1082 931 1173 995 datur
1186 933 1322 1018 itemque
1337 932 1456 1006 marito,

140 1032 189 1115 qni
213 1033 285 1096 bles
307 1032 408 1110 audit3
432 1033 579 1098 ambobus
605 1051 671 1096 cero
696 1053 753 1097 vor
773 1033 930 1098 imminuta
947 1033 1004 1097 llet
1022 1033 1125 1097 addita
1143 1042 1206 1108 cst,
1232 1053 1292 1118 qua
1310 1036 1403 1099 lletos
1422 1055 1457 1100 se

140 1151 217 1211 csse,
240 1133 296 1199 boc
318 1141 364 1198 est
387 1133 492 1199 llbctia
514 1135 660 1200 oriundos
682 1133 836 1200 affirmant.
862 1135 1001 1214 Quaeres
1017 1136 1047 1198 in
1063 1137 1147 1210 Folo,
1171 1141 1240 1228 Atqu
1260 1157 1340 1222 quae
1362 1138 1457 1202 lateat

138 1235 341 1320 significatio?
375 1237 411 1301 Et
438 1239 567 1302 lortassc
594 1240 651 1301 erit
673 1237 780 1320 aliquis
804 1239 855 1320 qui
879 1237 917 1300 ob
941 1237 1166 1305 similitudinem
1189 1238 1274 1302 vocis
1298 1259 1350 1303 cos
1373 1247 1459 1326 putet

137 1338 187 1402 ita.
200 1339 362 1427 appellari,
385 1341 465 1426 quod
489 1340 600 1405 fatidici
621 1348 736 1414 essent,
757 1338 1000 1404 vaticinationem
1020 1341 1161 1406 lacerent.
1185 1340 1254 1406 Veri
1274 1342 1365 1407 eliam
1384 1362 1457 1429 spe-

137 1443 211 1508 ciem
234 1441 303 1509 lacit
324 1442 356 1507 in
380 1443 464 1509 Latio
488 1463 545 1508 vor
567 1443 685 1520 latuus,
709 1443 805 1517 latua,
828 1464 889 1528 quo
912 1441 1034 1507 nominc
1053 1441 1166 1508 fatidici
1185 1443 1385 1520 vocabantur,
1401 1447 1454 1529 qui

137 1551 168 1609 et
189 1553 273 1612 vates
296 1546 367 1612 dicti
391 1554 475 1612 sunt:
498 1549 583 1611 cuius
598 1546 681 1611 vocis
699 1547 830 1610 radicem
847 1547 877 1609 in
895 1545 986 1611 lando
1002 1545 1206 1630 quaerendam
1222 1547 1337 1611 indicat
1352 1548 1454 1612 Varro

137 1647 197 1712 Sed
220 1649 290 1714 buic
313 1648 447 1734 opinioni
470 1650 653 1716 asserendae
676 1650 705 1713 id
729 1649 831 1714 obstat
853 1648 934 1732 quod
957 1649 986 1711 in
1011 1667 1084 1714 noce
1108 1648 1216 1726 latum,
1242 1648 1320 1722 lata,
1344 1649 1455 1723 fatuus,

137 1758 169 1815 ut
192 1752 220 1816 iu
242 1751 318 1829 lari,
341 1753 441 1818 littera
466 1760 485 1824 Ρ
507 1754 546 1816 sil
574 1751 735 1828 radicalis,
767 1771 857 1836 quam
886 1752 975 1817 buius
1004 1758 1130 1818 naturae
1153 1771 1211 1817 non
1236 1771 1304 1817 esse
1328 1754 1358 1817 in
1382 1772 1455 1818 voce
1508 1808 1511 1814 ,

137 1853 212 1919 Fata
233 1854 384 1920 luculente
407 1857 592 1921 demonstrat
614 1856 705 1920 motio
729 1854 895 1920 masculina
918 1858 1013 1929 ntes,
1036 1875 1116 1940 qnae
1139 1873 1194 1933 ea,
1219 1861 1323 1939 utpote
1345 1855 1458 1920 adven·-

137 1954 218 2036 titia,
241 1963 333 2023 caret.
357 1957 412 2025 llla
434 1957 526 2042 igitur
548 1959 690 2043 opinione
713 1958 826 2022 reiecta
849 1957 1030 2041 relinquitur
1052 1959 1240 2043 comparatio
1263 1957 1354 2024 buius
1373 1959 1458 2023 vocis

135 2079 203 2125 cum
226 2059 409 2126 Graecorum
433 2060 632 2126 thessalorum
655 2061 744 2134 ἄττα,
769 2080 804 2125 ea
827 2062 1018 2125 reverentiae
1040 2058 1272 2143 significatione,
1291 2081 1352 2144 qua
1366 2061 1455 2124 ctiam

137 2164 167 2226 in
196 2161 281 2228 Latio
303 2162 382 2226 etin
406 2163 528 2228 Sabinis
557 2172 731 2248 usurpatam
763 2163 833 2227 olim
864 2161 1024 2238 novimus,
1058 2163 1089 2224 nl
1118 2165 1192 2226 ἄττα
1220 2161 1357 2245 γλώττης
1385 2162 1456 2247 palor

136 2266 292 2326 Θετταλῶν
309 2267 332 2326 cl
350 2263 466 2328 naturai
482 2265 680 2352 προσφώνημα
698 2265 726 2328 δν
745 2269 777 2326 ἔκ
796 2287 865 2336 τινος
883 2264 1016 2347 νεωτέρου
1033 2267 1075 2337 ὡς
1091 2265 1158 2345 πρὸς
1174 2262 1281 2349 τροφέα
1299 2265 1453 2348 (Euslalb.
1525 2270 1528 2277 “

135 2367 175 2431 ad
198 2365 281 2433 lliarl.
305 2369 335 2443 l,
359 2369 455 2451 603l3
478 2387 496 2432 a
518 2367 688 2434 iunioribus
713 2387 820 2454 nempe
843 2368 881 2432 ad
905 2388 995 2432 senes
1017 2366 1212 2434 honorandos
1234 2365 1454 2438 adhibebatur,

134 2469 223 2555 quasi
255 2477 357 2554 patres
385 2477 414 2535 et
443 2491 514 2536 avos
544 2471 793 2557 compellantibus
824 2470 957 2555 (Festi.
992 2469 1104 2535 Eadem
1134 2471 1251 2534 ratione
1280 2469 1455 2536 sacerdotes

134 2570 316 2656 πρεσβύτεροι
344 2574 413 2638 olim
442 2573 583 2660 appellati
607 2582 685 2638 sunt.
709 2574 816 2658 ltaque
839 2572 970 2638 arbitror
990 2573 1049 2638 boc
1070 2571 1194 2638 nomine
1216 2570 1382 2653 significari
1406 2591 1455 2637 sa·

134 2676 287 2742 cerdolem
310 2697 422 2746 marem
445 2684 475 2742 et
496 2676 654 2753 feminam,
676 2695 786 2761 genere
804 2694 858 2760 per
872 2674 1081 2762 paronymiam
1097 2683 1187 2740 moto.
1211 2674 1342 2740 Gonlcro
1355 2676 1456 2736 orobos

135 2777 351 2863 appellativum
376 2798 482 2863 nomen
506 2780 586 2864 apud
610 2779 732 2844 llolscos
755 2779 813 2843 boc
836 2786 919 2843 certe
937 2797 1028 2843 sensu
1048 2784 1239 2862 usurpatum:
1258 2777 1360 2859 agitur
1377 2777 1455 2840 enim

136 2879 226 2946 inea
248 2881 359 2945 lamina
382 2882 419 2946 de
443 2881 600 2948 sacrificiis
624 2880 829 2966 (eaoriatrom).
859 2880 1001 2944 Nascitur
1022 2886 1123 2945 autem
1147 2898 1255 2945 nomen
1279 2878 1454 2943 femininum

135 3003 193 3049 non
209 3003 227 3048 a
243 2982 423 3061 masculino,
440 3005 542 3050 verum
558 3003 633 3060 ase,
650 2983 756 3048 eodem
776 2988 865 3067 pacto
881 3001 917 3048 ac
932 2982 1074 3047 sacerdos
1092 3001 1151 3046 non
1170 2979 1270 3064 gignit
1288 2981 1453 3046 sacerdam.

137 3161 207 3221 alb.
232 3193 271 3204 -
296 3156 460 3222 Praeneste
483 3161 644 3242 repertum.
702 3151 704 3164 '

710 3327 741 3367 Ὁ
906 3289 960 3352 Vir
972 3287 1087 3353 thasius
1099 3287 1200 3371 gladio
1215 3297 1320 3354 exerto
1331 3290 1454 3356 irruens

242 3381 404 3449 roseos
451 3383 670 3454 W'tOliCOS
709 3378 743 3440 ἶ·
864 3396 893 3456 in
921 3391 1114 3478 Lycurgum,
1143 3391 1195 3476 qui
1219 3390 1357 3458 crinibus
1378 3391 1453 3458 bor-

441 3527 443 3534 >
861 3515 933 3562 rens
955 3495 993 3560 ad
1016 3513 1099 3558 aram
1123 3494 1305 3578 confugiens
1326 3500 1360 3560 ul
1378 3495 1449 3561 lba-

862 3600 940 3664 sium
961 3599 1115 3662 deterreat
1136 3595 1232 3660 lilium
1255 3598 1322 3662 eius
1344 3596 1449 3662 Pbilo·

864 3700 963 3764 nicum
995 3717 1083 3783 opem
1114 3697 1209 3781 patris
1240 3697 1451 3785 implorantem

862 3802 994 3865 minatur
1015 3821 1048 3864 se.
1070 3801 1289 3866 coniecturum.

904 3902 996 3966 Dedit
1016 3900 1197 3989 llpbemeris
1216 3903 1315 3967 instit.
1332 3903 1467 3971 boruas'

865 4009 960 4080 1866,
983 4026 1013 4091 p.
1038 4009 1097 4076 ll,
1128 4005 1200 4070 inde
1222 4004 1330 4071 llnnal.
1353 4006 1451 4073 eiusd.

864 4109 955 4184 l869,
969 4113 1029 4170 lav.
1040 4105 1149 4184 vlla,
1161 4128 1190 4192 p.
1207 4109 1275 4172 l97.
1292 4106 1357 4190 Ego
1372 4105 1450 4173 deli-

617 4239 658 4276 ιιι
862 4216 984 4275 neutum
1001 4208 1094 4275 habui
1113 4227 1336 4295 apossessorc.
1354 4210 1449 4276 Enar-

862 4319 945 4378 rator
959 4313 1085 4397 prem.
1099 4311 1195 4397 epigr.
1207 4311 1303 4378 berol.
1316 4334 1344 4398 p.
1359 4319 1398 4378 lo
1416 4334 1452 4380 co

135 4431 253 4486 errore,
276 4433 366 4498 quem
389 4433 482 4500 supra
505 4415 625 4492 notari,
646 4420 791 4498 putansa
814 4413 927 4480 minimi
943 4414 1056 4494 moduli
1072 4435 1142 4480 esse
1157 4422 1319 4499 punctum,
1336 4417 1451 4483 circelli

99 4585 101 4588 ,
134 4515 244 4594 torma,
264 4516 340 4598 legit
361 4515 512 4598 Pilonicos
534 4515 624 4582 Tasei
639 4569 645 4581 .
659 4513 748 4582 lilios.
770 4515 832 4580 Sed
846 4516 1009 4599 legendnm
1027 4517 1179 4584 l’ilonicos
1194 4516 1343 4603 Taseiols)
1361 4517 1449 4598 lilios,

133 4637 241 4703 graece
264 4619 392 4690 Θασίιῖος
414 4621 477 4692 vtae.
511 4618 630 4684 Tbasus
651 4618 752 4685 insula
773 4627 819 4684 est
837 4621 912 4685 ¹rino
934 4618 1046 4686 nobilis
1066 4620 1181 4686 tbracio
1202 4621 1294 4687 littori
1315 4621 1450 4701 obiecta,

709 4087 726 4222 ‘¹¹¹⁰
707 3833 741 4064 ΙΞΙΞν-Ι.
708 3448 741 3781 50>1N0
