3650 5342
1433 245 1478 302 651

149 365 280 513 sicililcus
304 363 457 430 vocalibus
479 364 638 449 impositus
661 369 750 428 antea
773 382 828 448 per
849 361 1068 447 diphthongum
1094 361 1141 426 vel
1169 364 1402 447 geminationem
1426 364 1517 430 scribi

191 451 305 525 sultis,
352 454 432 525 .31,
457 453 496 513 36

150 532 303 614 signinum
326 470 424 619 (lupus)
451 537 509 596 693

149 619 254 684 Silaris
277 618 410 683 fluminis
433 616 535 680 vultus
558 617 588 679 in
612 635 733 680 nummo
756 616 989 694 Paestanum,
1012 621 1052 681 66

150 705 280 787 siremps
302 703 348 767 lex
372 707 437 765 esto
460 699 549 785 quasi
572 702 597 764 si
621 705 699 777 960,
723 719 756 768 ar
780 702 914 766 omnium
944 720 1043 766 66666
1073 702 1201 787 siremps
1224 702 1271 765 lex
1294 709 1359 767 esto
1382 703 1469 787 qnasi
1493 704 1520 765 si

191 793 263 865 916,
289 806 318 855 ts
341 790 422 859 966,
443 801 477 852 66
498 801 533 854 so
554 787 682 871 siremps
705 788 837 851 omnium
861 805 966 850 verum
990 786 1036 849 ins
1060 786 1171 871 lexque
1194 793 1258 850 esto
1281 788 1369 871 qnasi
1391 785 1417 849 si
1441 791 1519 860 988,

201 889 224 946 6,
243 889 268 948 a,
287 889 312 946 a,
335 891 343 937 6
363 871 491 954 siremps
514 889 563 933 res
585 870 633 934 lex
657 871 703 934 ius
725 889 898 955 causaeque
921 869 1062 935 omnihus
1080 869 1214 935 omnium
1229 890 1328 937 rerum
1344 878 1409 936 esto
1427 875 1520 947 1059,

193 975 224 1034 6,
251 973 282 1022 10
306 971 336 1023 14

151 1039 223 1106 socii
247 1040 345 1106 ltalici
369 1041 477 1118 879,6

150 1125 270 1190 soldnm
292 1126 412 1190 solvere
436 1127 533 1196 6060,
559 1139 605 1191 666
627 1139 673 1190 665

150 1217 258 1285 sortes,
281 1209 445 1274 sorticulae
459 1207 628 1282 iudiciales,
641 1206 742 1272 sitella
753 1208 880 1273 sortium
895 1213 930 1272 91
940 1213 968 1285 t,
980 1223 1014 1274 so
1024 1210 1160 1274 66666166
1178 1210 1277 1290 imago
1292 1214 1324 1272 et
1336 1207 1449 1272 tabella
1460 1208 1521 1271 367

149 1294 298 1379 spectavit
319 1296 349 1358 in
373 1295 498 1357 tesseris
520 1292 708 1376 gladiatoriis
722 1300 770 1357 cst
783 1294 863 1357 inter
881 1291 965 1358 cives
986 1292 1085 1358 locum
1108 1292 1221 1358 hahere
1237 1293 1393 1377 spectandi
1417 1309 1522 1370 cansa,

194 1379 278 1445 locus
302 1379 390 1443 datus
413 1383 473 1452 661,
498 1377 672 1462 spectaculo
696 1378 774 1440 inter
795 1377 877 1442 cives
899 1375 1051 1451 interfuit,
1075 1381 1136 1442 933
1325 1389 1329 1396 ·

150 1462 302 1548 stipendia
323 1462 355 1526 in
378 1462 486 1526 castris
509 1462 578 1526 inve
600 1462 756 1546 provincia
778 1463 921 1527 maiorem
944 1469 1059 1547 partem
1082 1463 1128 1526 sui
1152 1481 1304 1547 quemque
1326 1462 1396 1526 anni
1411 1461 1523 1534 iacere,

193 1556 245 1614 aut
267 1547 338 1613 hina
360 1545 533 1624 semestris,
556 1565 635 1630 6666
668 1565 722 1630 pro
752 1544 879 1630 singuiis
907 1546 995 1611 annis
1021 1546 1189 1632 procedere
1218 1553 1337 1633 oportet
1364 1549 1461 1624 6060,
1489 1561 1523 1612 ns

196 1651 239 1700 666
261 1633 412 1716 stipendia
435 1650 514 1714 6666
533 1630 563 1695 in
586 1630 706 1714 legione
728 1632 787 1696 triu
809 1637 862 1697 aut
884 1629 1037 1715 pedestria
1059 1633 1087 1694 in
1110 1630 1229 1714 legione
1245 1651 1298 1696 sen
1317 1630 1523 1703 nuceretum,

95 1789 98 1794 ,
192 1734 223 1786 91
251 1734 300 1786 666)
322 1713 474 1800 stipendia
497 1723 620 1780 senatus
642 1715 751 1780 merita
773 1735 842 1780 esse
864 1715 953 1779 iussit
976 1718 1057 1778 1666

153 1799 346 1887 stipendiarii
369 1804 448 1874 960,
471 1816 554 1867 'tr-ao
576 1798 759 1884 stipendium
783 1800 894 1884 populo
916 1818 1040 1864 romano
1063 1800 1195 1883 pendere
1218 1804 1294 1876 960,
1316 1817 1349 1867 rr

151 1886 321 2035 6666666666,
344 1902 436 1969 quam
461 1885 485 1946 is
508 1882 560 1966 qui
582 1883 697 1949 llomae
719 1881 801 1948 inter
822 1885 998 1968 peregrinos
1020 1886 1069 1949 ius
1092 1885 1171 1949 dicct
1193 1885 1223 1949 in
1245 1885 1316 1950 alho
1337 1883 1524 1969 propositam

217 1977 289 2034 aet
312 1973 409 2045 6069,
430 1987 457 2042 6,
481 1985 514 2036 so
535 1982 569 2034 66
943 2040 947 2048 ,

156 2056 339 2204 6666166666
369 2060 399 2116 66
427 2051 607 2117 tabularium
638 2071 655 2117 a
684 2051 791 2117 Catulo
818 2051 931 2116 lactum
961 2071 1019 2118 666
1048 2053 1178 2138 pertinet
1209 2054 1247 2118 ad
1277 2052 1421 2138 templum
1444 2051 1525 2118 loris

222 2140 303 2204 aito
315 2137 358 2202 ini
382 2141 463 2201 6000

153 2160 377 2290 8666616666666
401 2220 508 2286 foedus
531 2239 598 2285 cum
623 2219 758 2294 Gelonis,
783 2241 813 2318 p.
836 2226 876 2284 69
899 2243 915 2282 6

154 2309 332 2394 suffragium
356 2305 435 2370 lerre
458 2307 536 2380 966,
556 2322 572 2372 6
595 2305 633 2369 ad
657 2305 811 2387 suhlragra
833 2305 1021 2372 descendero
1043 2309 1127 2371 6673

153 2392 255 2480 Syllae
278 2390 407 2457 annulus
430 2396 460 2454 et
481 2395 604 2454 moneta
625 2388 779 2455 Bocchum
803 2398 833 2456 et
855 2390 1010 2476 lngurtam
1034 2391 1166 2457 terentes
1189 2390 1357 2476 insculptos
1380 2393 1440 2455 369

154 2484 192 2556 Τ,
215 2485 256 2553 6,
281 2477 395 2540 turmae
424 2472 553 2546 latinae,
579 2480 599 2546 1
623 2473 823 2559 Capenatium
853 2482 883 2539 et
910 2475 1097 2541 Faliscorum
1119 2496 1148 2561 p.
1171 2481 1190 2539 6
1217 2482 1244 2546 Τ
1269 2484 1387 2540 6666666
1410 2472 1527 2537 litteras

195 2558 450 2648 supereminentis
474 2577 585 2625 causae
608 2579 637 2643 p.
660 2563 679 2623 8
1429 2575 1433 2582 ·

151 2643 419 2744 76666666ηεὶ666
443 2661 635 2709 nummorum
658 2642 754 2709 series
778 2642 925 2729 inscripta
949 2651 976 2714 Α
1002 2649 1083 2710 606

152 2739 345 2796 terminorum
368 2727 582 2793 milliariorum
604 2745 631 2792 a.
656 2731 717 2790 666
740 2729 836 2792 forma
859 2729 1010 2813 quadrata
1030 2726 1110 2792 inira
1126 2728 1155 2790 in
1173 2736 1294 2793 acutum
1308 2729 1452 2793 desinens
1465 2728 1526 2788 903

196 2834 255 2879 666
279 2833 316 2880 66
337 2820 437 2878 tamen
462 2814 557 2877 lorma
578 2811 661 2876 dicta
683 2811 850 2887 tabellaria,
874 2831 974 2898 66666
996 2813 1137 2877 omnihus
1160 2812 1313 2896 antiquior
1335 2834 1364 2898 p.
1388 2815 1450 2875 669

155 2901 299 2965 terminos
323 2897 461 2981 finesque
483 2903 617 2961 statuere
640 2899 711 2968 897,
734 2901 811 2972 898,
835 2900 914 2973 899,
938 2901 1000 2962 983
1022 2895 1184 2962 restituere
1207 2903 1267 2962 983
1291 2894 1435 2961 terminos
1457 2912 1529 2979 agro

196 2981 318 3128 666666
341 2981 496 3046 limitando
519 2999 650 3066 posuere
674 2979 818 3045 triumviri
838 2981 907 3065 lege
930 2982 1111 3067 Sempronia
1133 2984 1294 3057 906-910,
1317 2983 1373 3046 666
1400 2977 1530 3046 restituit

223 3087 310 3142 6666,
334 3071 395 3131 983

155 3153 275 3219 termini
298 3157 369 3227 919,
388 3165 405 3218 6
427 3161 480 3215 666.
503 3154 575 3224 960,
598 3168 632 3218 ns
655 3149 777 3216 termini
799 3149 971 3216 Gracchani
994 3154 1131 3216 906909
1155 3171 1192 3215 66
1215 3171 1239 3214 6.
1263 3170 1289 3215 6.
1313 3149 1443 3216 restituti
1466 3151 1527 3211 983

197 3237 317 3302 termini
341 3255 378 3300 en
400 3257 423 3300 s.
447 3254 473 3299 c.
496 3235 599 3300 statuti
623 3235 683 3298 897
707 3239 768 3299 898
792 3239 853 3300 899
877 3234 998 3300 termini
1021 3237 1106 3321 ripae
1124 3234 1243 3300 Tiberis
1261 3237 1444 3300 1067-6060
1462 3239 1528 3296 ter-

195 3324 269 3386 mini
297 3324 392 3394 1163,
417 3324 516 3398 lton,
542 3321 638 3393 6676,
661 3321 745 3383 6103

155 3408 283 3472 teruncii
309 3414 379 3472 nota
402 3410 429 3473 Τ
454 3407 484 3469 in
509 3403 639 3468 nummis
662 3403 748 3467 Teati
772 3404 840 3468 vide
862 3405 932 3470 add.
955 3404 994 3470 ad
1018 3425 1047 3468 6.
1071 3407 1111 3468 76
1136 3405 1153 3464 6

155 3499 272 3557 6666666
294 3490 477 3574 gladiatoria
499 3485 711 3572 antiquissima
733 3491 872 3554 est-anui
896 3495 952 3553 666
974 3492 1004 3552 in
1021 3507 1084 3574 qua
1097 3487 1216 3571 integre
1231 3489 1351 3574 legitur,
1370 3482 1529 3573 spectarit,

198 3580 259 3641 933
288 3573 424 3640 secunda
450 3577 511 3639 986
546 3591 624 3658 6666
648 3580 694 3636 666
716 3575 786 3637 anni
810 3579 887 3649 669,
908 3575 940 3638 in
964 3593 1025 3658 qua
1046 3573 1175 3658 primum
1198 3592 1258 3637 nox
1280 3580 1327 3637 cst
1354 3572 1528 3636 imminuta:

199 3679 294 3745 quare
317 3660 384 3726 illae
407 3667 542 3724 tesserae
564 3675 645 3742 quae
668 3655 786 3746 integro
815 3658 966 3724 vocabulo
1000 3665 1125 3723 utuntur
1154 3677 1233 3722 anno
1259 3663 1320 3722 669
1344 3657 1531 3721 vetustiores

198 3763 267 3810 esse
296 3745 447 3810 ridentur.
474 3741 621 3826 Exempla
650 3739 719 3806 ride
748 3744 777 3806 in
809 3762 856 3807 66.
888 3745 1070 3807 1668-1130
1097 3743 1169 3806 item
1197 3743 1227 3805 iu
1262 3741 1331 3806 add.
1362 3745 1460 3815 6368,
1488 3741 1529 3799 63

196 3828 330 3894 conditio
360 3847 429 3894 cum
457 3825 654 3914 praenomine
681 3825 794 3891 domini
825 3833 947 3892 6616666
972 3826 1043 3891 item
1067 3828 1096 3890 in
1120 3826 1343 3913 antiquissimis
1371 3829 1449 3900 933,
1472 3825 1531 3897 63,

197 3917 290 3988 6368,
313 3913 418 3978 deince
442 3931 456 3975 s
479 3911 632 3976 rarissime
655 3913 747 3976 unico
769 3930 876 3995 nempe
899 3911 1014 3977 Romae
1037 3910 1177 3997 exemplo
1201 3913 1282 3974 6066

156 4006 340 4063 tesserarum
363 3933 612 4079 gladiatoriarum
635 3995 781 4061 elenchus
804 4014 860 4081 per
882 4004 1013 4062 aetatem
1035 4015 1054 4060 a
1077 4000 1132 4060 666
1161 3999 1223 4059 933

199 4082 342 4167 ldenopil.
365 4081 422 4146 nbi
445 4081 465 4145 l.
487 4101 502 4145 s
525 4078 677 4166 spectarit
701 4086 711 4100 '

200 4165 319 4233 Cunero
341 4163 438 4230 nahor
461 4183 518 4248 sp.;
541 4184 569 4232 a.
593 4169 653 4228 969
678 4167 739 4228 986

199 4250 276 4315 6616
299 4250 431 4315 61661666
455 4269 500 4335 sp.
524 4269 552 4313 6.
579 4251 641 4312 670
664 4253 726 4314 996

200 4333 321 4416 Diocles
343 4333 471 4418 Longidi
495 4353 539 4419 sp.
563 4351 590 4396 a.
614 4335 675 4399 678
700 4337 760 4397 996

201 4417 363 4484 Philodam
385 4419 535 4483 Dossenni
558 4416 706 4500 spectavit
729 4437 756 4481 a.
781 4420 836 4480 681
867 4419 948 4480 6003

202 4503 361 4570 Pilotimus
384 4501 495 4570 llostili
517 4522 562 4588 sp.
584 4521 612 4566 a.
637 4506 698 4567 683
723 4503 804 4566 6007
