3650 5342
685 286 787 346 292

657 407 905 495 punctis
953 408 1107 474 istis.
1154 408 1478 494 Specimen
1525 409 1689 474 illius
1735 410 1980 475 tabulae
2025 429 2101 473 ex
2149 409 2340 475 forma
2384 427 2651 495 gypsea,
2691 417 2878 494 quam
2924 407 3072 473 mihi
3118 407 3315 475 conli-

663 512 942 577 ciendam
990 531 1365 588 curaveram,
1416 511 1578 577 edidi
1610 513 1669 575 in
1708 510 1862 576 Diss.
1898 511 2174 576 Archeol.
2205 513 2318 577 vol.
2354 512 2408 588 1,
2438 520 2554 577 tav.
2585 511 2720 576 ΧΠ.
2756 510 2924 576 Haec
2951 511 3026 577 de
3062 509 3316 577 historia

663 611 901 698 apicum
932 614 1189 679 istorum
1223 611 1353 678 sive
1386 620 1781 699 punctorum:
1814 615 1891 678 de
1923 613 2144 698 quibus
2191 613 2396 679 dicere
2445 633 2561 679 non
2606 614 2800 681 haheo
2840 612 3014 680 cuius
3045 614 3132 680 rei
3171 633 3316 698 ergo

664 714 919 781 adhibiti
953 717 1097 794 sint,
1129 719 1487 802 praesertim
1516 719 1662 801 quia
1690 717 1845 781 infra
1880 716 2157 802 primum,
2194 737 2304 782 nec
2350 717 2511 783 ultra
2555 715 2858 782 decimum
2905 736 3171 796 versum,
3205 735 3317 783 nec

662 823 1015 883 constanter
1059 819 1254 902 longis
1304 827 1316 892 Ι
1351 819 1693 895 vocalibus,
1734 827 1797 884 et
1825 818 1972 885 solis
2007 818 2131 897 his,
2157 817 2570 902 imponantur.
2615 820 2883 884 Titulum
2915 819 3210 903 sculptum
3244 839 3320 885 ea

665 928 860 985 aetate
904 928 1079 1007 putat
1121 919 1523 998 Bitschelius,
1554 941 1736 1007 quam
1766 930 1915 1006 prae
1943 942 2010 987 se
2041 923 2183 998 fert,
2217 922 2504 988 formulas
2533 928 2736 987 autem
2768 922 2954 988 multo
2985 923 3319 1006 superioris

663 1024 876 1088 aetatis
920 1025 1185 1108 speciem
1232 1030 1404 1108 putat
1448 1023 1695 1090 habere.
1747 1021 2022 1090 MommS.
2067 1044 2168 1109 ap.
2218 1013 2505 1091 Ritschel.
2550 1023 2763 1092 Enarr.
2812 1025 2929 1090 tab.
2961 1045 3020 1110 p.
3053 1023 3136 1088 78
3182 1043 3320 1089 cum

669 1127 972 1191 Henzenio
995 1133 1058 1192 et
1083 1127 1343 1191 Brunnio
1373 1127 1590 1192 litteris
1622 1146 1758 1205 esse
1788 1127 1874 1191 ait
1901 1145 2022 1190 non
2057 1128 2313 1192 vetustis
2344 1127 2450 1192 sed
2482 1127 2725 1212 optimis
2755 1125 2988 1192 saeculi
3023 1127 3321 1210 augustei.
3397 1197 3402 1201 ,

745 1227 980 1295 Titulus
1023 1232 1109 1294 uti
1153 1231 1461 1314 aliquibus
1505 1232 1565 1294 in
1614 1228 1765 1294 locis
1812 1249 1850 1294 a
1894 1229 2282 1316 quadratario
2337 1236 2657 1318 corruptus
2715 1237 3001 1315 apparet.
3055 1227 3146 1294 ita
3189 1227 3319 1295 fleri

667 1332 858 1414 potuit
900 1334 984 1396 uti
1032 1331 1405 1415 negligentia
1447 1338 1508 1396 et
1550 1332 1931 1414 ignoratione
1976 1333 2106 1396 eius
2152 1339 2378 1417 puncta
2412 1333 2624 1416 partim
2658 1332 2885 1398 omissa
2915 1332 3135 1418 partim
3162 1332 3321 1398 male

663 1434 880 1499 alienis
921 1432 985 1498 in
1049 1434 1200 1498 loci's
1264 1434 1559 1500 collocata
1620 1441 1975 1520 appareant.
2021 1470 2107 1481 —
2154 1435 2219 1499 V.
2268 1440 2338 1512 3,
2408 1439 2976 1508 (ΟΛΛνιΑΤΕΙς
3040 1434 3319 1502 Momms.

664 1537 909 1600 coniicit
951 1542 1655 1615 ΕΟΛΛΛΛνΤΑΤΕΙς,
1698 1536 1817 1601 illis
1863 1536 2106 1619 legibus
2153 1557 2402 1623 nempe,
2435 1556 2591 1621 quae
2623 1544 2766 1603 sunt
2795 1536 2914 1602 illis
2946 1537 3317 1621 regionibus.

665 1640 741 1702 At
783 1658 903 1704 non
964 1646 1218 1725 apparet
1278 1660 1398 1724 qua
1460 1639 1535 1704 de
1599 1657 1786 1705 causa
1830 1641 2096 1726 oportuit
2141 1641 2308 1723 leges
2354 1659 2465 1725 pro
2513 1639 2695 1705 sartis
2742 1638 2918 1705 tectis
2964 1640 3320 1724 templorum

668 1741 942 1805 conditas
998 1747 1400 1820 commutare,
1450 1763 1586 1806 cnm
1632 1748 1848 1807 contra
1892 1760 1989 1806 res
2053 1742 2344 1828 postulet,
2383 1749 2450 1806 ut
2505 1761 2618 1807 eae
2679 1742 3103 1808 adhibeantur.
3169 1741 3320 1807 Puto

669 1840 810 1906 olim
841 1863 951 1928 pro
997 1849 1509 1916 (ΟΛΛιΑΤΕΙΞ
1553 1843 1668 1909 hoc
1697 1850 1792 1908 est
1822 1842 2078 1910 conlatis
2115 1845 2430 1929 scriptum.
2463 1844 2780 1918 Duumviri
2813 1843 3052 1909 collatis
3079 1841 3323 1926 legibus

669 1946 959 2023 locorum,
1006 1945 1164 2010 idest
1202 1944 1521 2028 regionum
1568 1946 1759 2025 aedis,
1805 1954 1872 2011 ut
1919 1964 1993 2010 ne
2029 1943 2179 2011 vitio
2224 1945 2640 2024 reficerentur,
2686 1947 3036 2012 refecerunt
3064 1953 3122 2012 et
3147 1946 3322 2012 dedi-

670 2055 977 2114 caverunt.
1022 2047 1316 2133 Sequitur
1359 2067 1564 2115 rerum
1611 2046 2075 2114 reficiendarum
2132 2048 2454 2127 elenchus,
2499 2070 2556 2116 v.
2605 2055 2664 2113 3.
2720 2073 2749 2111 α
2794 2049 2871 2114 Ut
2914 2047 2968 2113 ei
3014 2057 3322 2114 extremae

671 2151 874 2216 undae
918 2169 1074 2235 quae
1100 2149 1306 2238 lapide
1343 2152 1505 2216 facta
1528 2150 1829 2237 hoiusque
1867 2151 2036 2216 aedis
2065 2171 2211 2234 ergo
2243 2153 2456 2236 utique
2488 2153 2566 2217 ad
2599 2171 2734 2217 eam
2759 2151 2972 2218 aedem
3002 2151 3322 2237 scalasque

670 2252 872 2341 lapide
916 2253 1309 2319 structuendo
1356 2255 1678 2319 columnae
1723 2261 1887 2318 stant
1932 2255 2084 2320 citra
2128 2254 2325 2319 scalas
2357 2254 2432 2318 ad
2465 2253 2678 2320 aedem
2711 2275 2925 2321 versus
2958 2255 3322 2341 stipitesque

674 2355 895 2419 aedis»
936 2362 1047 2420 cet.
1092 2353 1528 2421 Mommsenius
1575 2358 1849 2441 queritur
1882 2357 1957 2420 de
2004 2355 2304 2440 lapicidae
2348 2355 2624 2422 inscitia:
2666 2355 2854 2422 alium
2901 2357 3160 2442 lapidem
3206 2375 3322 2422 non

672 2477 807 2523 esse
852 2457 1159 2523 affirmans
1190 2459 1291 2542 qui
1326 2458 1405 2524 ad
1435 2460 1691 2523 similem
1726 2459 2212 2544 corruptelarum
2242 2457 2676 2524 immanitatem
2708 2459 3016 2525 ascendat.
3061 2459 3323 2525 Damnat

674 2562 881 2648 itaque
925 2549 1115 2626 verba
1156 2559 1484 2627 ‘extremae
1532 2564 1733 2627 undae
1769 2561 1947 2648 quae‘
1983 2571 2044 2628 et
2076 2584 2131 2627 v.
2169 2567 2202 2627 4
2233 2560 2459 2649 ‘lapide
2490 2560 2928 2643 structuendo’,
2961 2582 3069 2649 pro
3101 2563 3324 2647 quibus

673 2666 1090 2750 reponendum
1137 2671 1433 2744 autumat,
1484 2672 1546 2731 ut
1591 2665 1644 2742 ei
1694 2673 1959 2730 extrema
2004 2665 2521 2750 fundamentaque
2566 2665 2772 2753 lapide
2815 2666 2974 2732 facta
3017 2665 3323 2752 hoiusque

674 2769 839 2834 aedis
885 2787 1051 2853 ergo,
1095 2769 1354 2853 angulos
1401 2787 1622 2853 nempe
1668 2787 1976 2834 murorum
2025 2776 2086 2833 et
2132 2768 2523 2835 fundamenta
2566 2768 2741 2836 aedis
2772 2769 2990 2835 iubens
3021 2768 3318 2852 intellegi;

675 2872 896 2937 deinde
940 2870 1150 2958 utique
1194 2871 1272 2938 ad
1318 2890 1451 2937 eam
1498 2872 1708 2937 aedem
1756 2871 2076 2958 scalasque
2121 2873 2325 2959 lapide
2371 2879 2636 2939 structas
2681 2892 2963 2958 quaeque
3007 2873 3325 2941 columnae

677 2983 855 3052 stant,
895 2983 1033 3050 cet..
1080 2995 1147 3040 se
1193 2975 1557 3042 sententiam
1595 2975 1795 3039 fassus
1844 2994 1958 3039 non
2004 2976 2189 3041 verba
2234 2983 2396 3040 certe
2441 2995 2578 3041 esse
2621 2981 2989 3042 assecutum.
3037 2976 3157 3041 Nos
3190 2995 3328 3060 pos-

676 3099 885 3144 sumus
930 3078 1208 3143 dubitare
1240 3077 1316 3142 de
1346 3097 1532 3142 sensu
1564 3079 1727 3143 vocis
1784 3103 1812 3138 «
1851 3086 2128 3143 extrema
2158 3103 2186 3139 »
2243 3084 2531 3164 acceptae
2563 3099 2669 3164 pro
2703 3079 2960 3163 angulis.
3005 3079 3329 3144 Praeterea

678 3179 1096 3246 adhibebimus
1141 3181 1340 3245 locum
1385 3178 1644 3245 vitruvii
1690 3181 1755 3244 L.
1801 3180 1868 3253 V,
1916 3201 1971 3245 c.
2017 3184 2054 3244 7
2100 3181 2239 3245 olim
2287 3181 2514 3246 frustra
2557 3179 2980 3259 sollicitatum,
3027 3181 3128 3246 ubi
3174 3183 3329 3244 unda

679 3301 786 3366 pro
832 3280 1123 3368 cymatio,
1168 3282 1408 3357 κύματι,
1454 3287 1601 3358 stat,
1647 3289 1705 3346 et
1749 3279 1840 3348 sic
1876 3302 2120 3347 sensum
2157 3283 2398 3348 tabulae
2432 3283 2846 3348 instituemus:
2893 3281 2990 3346 Uti
3024 3289 3328 3348 extremae

677 3385 878 3449 undae
922 3403 1080 3469 quae
1124 3383 1327 3469 lapide
1374 3384 1561 3449 sactae
1605 3384 1847 3469 (sunt),
1897 3385 2106 3470 utique
2154 3385 2378 3471 (quae)
2429 3386 2509 3450 ad
2553 3405 2686 3451 eam
2745 3387 2958 3451 aedem
3005 3387 3326 3471 scalasque

677 3487 883 3571 lapide
926 3494 1183 3552 structae
1226 3487 1393 3553 intus
1437 3489 1753 3552 columnae
1811 3494 1998 3552 stant:
2064 3488 2180 3553 hoc
2245 3496 2341 3552 est
2397 3486 2484 3553 uti
2549 3489 2861 3553 columnae
2923 3507 3080 3575 quae
3126 3489 3327 3573 lapide

681 3598 944 3655 structae
988 3590 1067 3655 ad
1112 3610 1245 3655 eam
1292 3590 1506 3655 aedem
1552 3590 1876 3674 scalasque
1921 3598 2085 3656 stant
2129 3590 2281 3656 citra
2315 3591 2515 3656 scalas
2562 3591 2720 3656 endo
2772 3590 2972 3677 (intus)
3006 3591 3084 3657 ad
3115 3591 3326 3655 aedem

679 3712 911 3758 versus.
958 3727 1045 3739 —
1085 3691 1156 3756 V.
1204 3698 1239 3756 6
1292 3697 1588 3765 l-lVNWS
1655 3692 1925 3757 Momms.
1988 3694 2272 3759 emendat
2339 3700 2592 3767 HVlVS:
2661 3700 2722 3758 at
2779 3695 3048 3780 oportuit
3098 3697 3326 3766 ΗΟΙνς

683 3795 897 3860 collato
944 3814 1123 3860 versu
1170 3800 1239 3860 5:
1282 3795 1391 3860 sed
1438 3815 1633 3881 neque
1678 3795 1768 3859 sic
1810 3803 2007 3861 recte:
2054 3834 2136 3846 —
2179 3818 2235 3862 v.
2281 3801 2318 3859 6
2375 3816 2481 3881 pro
2548 3800 2992 3869 ΛΛΑΝΟΑΚΕ
3055 3796 3326 3860 Momms.

682 3904 857 3983 putat
919 3923 948 3959 α
991 3899 1313 3965 emendare
1357 3920 1428 3963 n:
1476 3935 1556 3945 —
1602 3919 1655 3963 v.
1702 3902 1738 3962 7
1788 3898 2087 3964 excidisse
2133 3901 2220 3963 ait
2265 3900 2560 3978 Momms.,
2605 3898 2800 3973 liceat,
2847 3905 2989 3962 ante
3034 3897 3122 3963 fas
3168 3906 3326 3963 esto:

681 4037 764 4049 —
804 4001 946 4065 item
990 3999 1053 4064 in
1099 4020 1151 4065 v.
1199 4005 1274 4065 ⁴0
1324 4001 1531 4074 addit,
1580 4008 1715 4084 post
1778 4020 1984 4065 vocem
2049 4003 2288 4086 piaculo
2322 4053 2336 4076 ,
2400 4001 2666 4066 vendere
2728 4001 2968 4065 locare:
3017 4035 3094 4051 -
3141 4020 3199 4064 v,
3247 4006 3324 4065 ⁴5

686 4124 793 4190 pro
839 4111 1326 4179 TEMPLVM,
1375 4103 1460 4168 ait
1503 4103 1747 4168 Iahnius
1804 4104 1936 4171 vult
1990 4101 2372 4170 ‘emendum’z
2427 4102 2572 4168 ibid.
2635 4108 3119 4176 suffit-Tan&
3180 4101 3326 4188 quid

682 4205 980 4289 significet
1022 4209 1302 4290 ignorare
1349 4226 1447 4284 se,
1496 4208 1607 4286 ai13
1656 4227 1766 4289 ego
1812 4207 1931 4290 legi
1987 4213 2500 4285 ElFELTARES,
2558 4216 2619 4271 et
2673 4216 2817 4292 puto
2872 4205 2962 4271 sic
3018 4206 3324 4271 emendari

690 4329 892 4394 flesse:
939 4310 1125 4393 idque
1169 4312 1374 4375 veiens
1422 4309 1682 4386 FurferS,
1730 4312 1922 4376 maior
1967 4331 2124 4394 pars,
2176 4316 2620 4384 PraEsTARE‚
2666 4312 2756 4374 sei
2783 4310 3099 4374 absolvere
3130 4310 3331 4372 volent

686 4414 813 4476 sive
843 4413 1274 4487 condemnaro,
1308 4413 1504 4475 liceto.
1553 4410 1783 4498 Nempe
1816 4412 2060 4478 Vicanis
2095 4414 2514 4492 Furl'ensibus,
2554 4415 2693 4478 dum
2719 4412 2913 4478 maior
2944 4432 3150 4478 eorum
3184 4430 3326 4496 pars

686 4515 1081 4591 eonsenserit,
1126 4514 1334 4580 licebit
1374 4516 1434 4579 in
1479 4534 1544 4578 se
1590 4516 1867 4601 recipere
1905 4517 2158 4581 *multam
2195 4516 2573 4591 solvendam,
2619 4514 2750 4581 sive
2780 4516 2982 4582 volent
3011 4513 3328 4580 absolvere

690 4618 912 4697 furem,
956 4616 1085 4684 sive
1127 4618 1560 4685 condemnare.
