3650 5342
383 245 432 300 562

390 393 418 436 v.
443 373 460 433 t
484 371 622 434 biomms.
655 372 776 456 supplet
798 374 827 433 in
862 380 967 452 tunm
990 393 1017 436 v.
1043 377 1061 438 b
1085 379 1126 444 ΝΙ
1159 371 1301 437 emendat
1331 377 1401 450 Ν·Ι;
1425 391 1453 436 v.
1484 376 1502 434 6
1530 391 1586 456 pro
1614 371 1716 436 inieeto

391 457 465 539 legit
487 457 609 520 traiectio.
641 456 840 522 dineisterotns
864 468 894 524 et
916 460 1017 523 tieetod
1039 461 1110 523 item
1139 457 1327 543 supplendae
1355 476 1447 523 voees
1469 464 1541 522 suut
1563 459 1592 522 in
1614 477 1663 520 vv.
1687 463 1713 529 7,
1796 502 1799 542 ,

393 549 463 607 801
487 561 514 604 v.
539 547 609 606 bne
631 546 701 626 quun.
727 544 846 623 Quibus
870 546 975 630 positis
998 543 1043 609 sie
1058 545 1141 628 leges
1166 547 1314 609 vetustate
1338 542 1477 607 sublata:
1503 543 1537 606 ln
1562 542 1641 608 boce
1656 543 1716 608 tou·
1797 548 1799 561 ²

390 629 471 693 enrid
496 636 612 694 stercus
636 633 758 714 nequis
782 632 919 696 suntatod
943 649 1018 694 nere
1034 632 1168 696 cadaver
1191 628 1350 714 proiicitod
1368 648 1446 694 neve
1469 630 1652 714 parentatod
1673 634 1714 694 sei

394 715 463 798 quis
487 714 645 779 aduersum
670 716 725 780 boc
757 718 862 780 iecerit
883 719 914 780 in
938 735 1006 780 eum
1036 717 1104 802 quis
1134 713 1214 779 volet
1239 714 1449 798 proiudioatod
1477 713 1658 796 ntummum)
1682 717 1717 777 tt

394 801 516 864 Manum
540 801 659 866 iniectio
683 801 782 865 estod:
810 803 894 866 suive
917 804 1110 884 magistratus
1138 801 1221 870 rotet
1242 801 1367 864 moitura
1399 800 1521 864 iicetod.
1543 798 1606 865 Lex
1630 797 1719 884 igitur

394 887 543 970 cuiusque
566 885 676 950 oiviuru
704 887 829 951 arbitrio
860 886 1006 973 permittit
1028 888 1065 950 ab
1088 886 1141 962 iis,
1165 888 1217 972 qui
1240 893 1346 950 eontra
1396 887 1563 970 raesoripta
1592 886 1718 958 iaciunt,
1798 938 1800 962 ,

393 972 564 1057 quibusque
588 991 685 1058 poena
712 974 894 1058 imponitur,
917 973 1000 1057 lege,
1024 980 1077 1037 aut
1097 973 1214 1058 privato
1237 978 1289 1036 ant
1310 907 1432 1056 pubbeo
1454 970 1568 1036 iudicio
1593 970 1716 1036 multam

393 1059 523 1138 exigere.
547 1057 664 1120 dinatum
693 1059 804 1121 iniectio
827 1067 874 1125 est
896 1079 951 1144 pro
973 1080 1075 1122 moneto
1106 1060 1230 1134 iniectio,
1267 1058 1442 1124 accusativo
1465 1058 1565 1123 toenio
1596 1058 1719 1141 genitivi

395 1144 548 1208 obtinento
571 1163 681 1228 graeco
705 1165 798 1208 more.

375 1419 392 1432 -
420 1387 514 1453 1823,
537 1404 609 1445 corr.
628 1391 656 1455 Ρ.
680 1387 759 1446 initio
781 1403 833 1466 pro
859 1390 896 1453 Τ.
1037 1389 1041 1471 t
1106 1405 1146 1450 un
1171 1390 1206 1459 S,
1229 1385 1277 1448 nei
1301 1384 1360 1449 due
1383 1382 1434 1448 lati
1458 1381 1611 1449 adiacenti
1635 1391 1719 1465 porta

377 1503 392 1516 -
421 1472 515 1542 reat,
550 1491 623 1531 esim.
647 1474 1041 1556 stt¹CLproSi¹·t¹·(l‚,t
1105 1491 1144 1534 un
1177 1469 1312 1534 caduceo
1343 1488 1435 1554 sopra
1462 1489 1501 1533 un
1531 1467 1664 1533 tridente
1685 1470 1719 1532 ed

397 1575 492 1634 rrerrrpe
514 1554 597 1638 Sps.
622 1555 803 1638 Citaudia‘t).
1037 1554 1040 1645 1
1106 1575 1166 1621 una
1181 1575 1294 1623 corona
1309 1574 1401 1638 sopra
1418 1574 1479 1620 una
1495 1554 1598 1638 palma
1609 1579 1642 1617 n.
1660 1553 1719 1634 Ego
1799 1614 1800 1619 ,

398 1642 437 1702 od
457 1663 486 1704 n.
510 1645 591 1704 tuti
615 1644 698 1705 odda:
1038 1648 1040 1671 ¹
1107 1661 1165 1705 non
1189 1641 1267 1706 vidi:
1290 1642 1394 1725 itaque
1417 1661 1455 1704 ex
1478 1639 1657 1705 coniectura
1678 1639 1720 1702 di·

357 1731 451 1788 23'28.
477 1726 598 1791 Corneli
629 1726 658 1790 in
686 1726 779 1792 ruinis
802 1729 914 1792 veteris
937 1727 1013 1792 Tar·
1106 1727 1223 1810 sposui:
1254 1726 1324 1789 item
1357 1727 1465 1790 titteris
1499 1733 1524 1796 Γ·
1554 1745 1629 1790 usus
1659 1745 1720 1789 som

400 1813 523 1894 quiniae
547 1820 662 1877 tessera
684 1811 1013 1897 giadiatorioinventa.
1105 1810 1224 1878 enitatis
1254 1810 1403 1876 similibus
1432 1813 1557 1877 tesseris
1588 1832 1640 1876 nn.
1662 1815 1718 1874 ⁹33

1105 1905 1137 1963 et
1150 1903 1225 1975 316,
1242 1917 1322 1982 quae
1337 1904 1409 1962 sunt
1423 1899 1503 1982 apud
1519 1917 1568 1962 me
1582 1897 1721 1982 aliisque.

483 1971 610 2039 ΟΕΝΤΙ
640 1973 887 2041 ΠΑ(οΝΙ·Τ·8
1105 1983 1167 2048 lam
1190 1990 1299 2068 quarta
1320 1982 1399 2047 haee
1425 1991 1471 2046 est
1500 1989 1617 2047 tessera
1644 1987 1723 2046 eerta

784 2096 875 2162 ns
1106 2065 1721 2240 aba

487 2214 719 2281 snffflwff
1106 2241 1196 2305 tertia
1229 2247 1276 2306 est
1309 2237 1438 2305 Londini
1470 2240 1499 2305 in
1535 2259 1659 2306 museo:
1689 2257 1723 2303 ex

554 2329 686 2380 cadomus
723 2329 824 2382 tridens
1106 2326 1218 2410 quibus
1252 2333 1335 2410 patet
1368 2328 1447 2391 inter
1480 2325 1621 2408 geminas
1652 2323 1721 2390 'esse

710 2397 718 2419 '
1107 2412 1350 2476 adnumerandus
1373 2431 1436 2487 eas,
1460 2432 1541 2496 quae
1555 2410 1631 2475 oiim
1647 2413 1723 2476 uisae
1750 2445 1752 2449 ·

442 2491 548 2554 Edidit
575 2492 755 2564 Fiorellius,
785 2493 903 2558 Notizie
935 2495 1015 2578 degli
1108 2497 1267 2582 editaeque
1289 2503 1375 2573 sunt,
1398 2497 1509 2562 deinde
1537 2497 1673 2564 reiectae
1695 2503 1722 2560 ut

402 2577 486 2640 scari
502 2579 532 2642 di
549 2577 672 2653 antieb„
695 2578 791 2642 Roma
808 2582 899 2652 t876,
920 2602 949 2666 p.
968 2587 1016 2657 ⁴9,
1108 2583 1243 2667 spuriae,
1265 2603 1303 2647 ea
1325 2583 1363 2647 de
1376 2601 1480 2658 eausa,
1500 2583 1583 2667 quod
1598 2592 1723 2665 spe-eto-

402 2665 489 2728 cuius
502 2662 717 2751 descriptionis
729 2665 807 2729 bane
823 2666 919 2732 verba
934 2674 1016 2731 sunt:
1108 2673 1161 2744 nit,
1185 2688 1244 2733 non
1272 2667 1477 2741 intellectum.
1501 2687 1556 2750 pro
1584 2677 1724 2751 spectetur

408 2772 422 2808 a
438 2750 663 2815 interiormento
680 2751 740 2814 alia
756 2751 828 2816 base
843 2751 883 2817 ha
899 2752 1017 2834 graffito
1108 2753 1265 2819 horatiano
1289 2755 1519 2839 praeseferrent.

363 2993 832 3160 eabb’brbgbbnffibe'nmtae
856 3097 971 3144 aeneae
994 3079 1242 3166 opistograpbum
1265 3079 1361 3145 Ctnsii
1387 3087 1549 3165 repertum.

455 4655 532 4722 linio
554 4659 650 4724 simile
673 4660 872 4742 fragmentum
895 4659 978 4744 quod
1001 4627 1148 4723 Fabratto'
1164 4654 1307 4731 innotuit,
1329 4653 1379 4720 bic
1402 4653 1531 4722 subiioio
