3650 5342
391 288 440 344 iifl

378 413 448 474 roa.
474 409 511 493 (=
526 409 635 493 4557).
658 441 697 458 -
719 409 752 473 ln
776 409 856 473 dolio
879 406 1040 472 narniensi.

484 617 530 683 (Ν
548 641 555 657 ·
572 617 696 684 ΙνΝΙΟ
971 609 1017 673 Ab
1037 610 1153 683 Erolio,
1171 609 1222 694 qui
1239 610 1372 684 invenit,
1389 609 1545 696 ediditque
1562 605 1698 697 (opuse

481 720 556 787 Μ·
575 692 796 790 Poeo'ooos
916 712 1058 778 -Misceii
1081 713 1160 777 Sior.
1184 732 1270 777 narn.
1287 714 1343 778 rol.
1362 714 1394 796 i)
1419 712 1527 786 didici,
1550 733 1610 777 non
1631 733 1693 779 ooo

933 816 1071 901 exemplo
1086 822 1250 901 repertum.
1267 815 1406 880 Traeiavi
1423 814 1545 900 saepius
1561 822 1593 878 et
1605 815 1694 880 docui

376 921 552 1004 legendam:
578 919 621 983 Cn
637 971 642 983 .
657 919 760 984 lunius
777 969 782 981 .
796 917 820 980 C
834 969 839 979 .
852 917 874 980 L
889 966 895 980 .
909 917 1079 982 Pohleiios.
1102 921 1127 982 Α
1142 917 1234 1002 poblo
1252 917 1404 996 roseius,
1421 925 1453 982 ui
1468 939 1487 981 a
1500 917 1619 1002 poblico
1634 917 1692 980 Po·

378 1022 506 1096 blieios‚
530 1041 548 1087 a
570 1022 657 1106 plebe
680 1020 831 1086 Plebeius.
855 1019 932 1085 Nola
954 1021 1065 1105 duplex
1088 1019 1124 1096 ii,
1147 1021 1185 1084 de
1209 1041 1269 1105 quo
1291 1018 1362 1086 vide
1384 1021 1608 1102 grammaticam
1627 1018 1693 1106 sp-

374 1126 461 1209 logae
485 1123 667 1209 praefixam,
692 1143 720 1208 p.
745 1126 794 1186 30.

378 1333 449 1396 29³.
472 1330 565 1394 -In
588 1327 846 1415 paralielepipedo
872 1334 1007 1392 testaceo
1030 1327 1389 1409 Casiagoeiaeioveoio,
1412 1326 1522 1392 litteris
1539 1328 1618 1392 ferro
1633 1326 1693 1392 alie

522 1429 682 1518 insculptis
705 1451 759 1517 per
780 1438 910 1516 quatuor
931 1431 1027 1495 rasere
1049 1433 1175 1496 maiora.

482 1641 572 1708 ςιζΝ
779 1635 932 1720 Descripsi
962 1641 993 1700 ei
1021 1634 1126 1701 charia
1153 1634 1297 1720 expressi.
1332 1635 1494 1700 Memoriae
1516 1643 1546 1702 ei
1568 1633 1690 1700 notitiae

480 1745 604 1813 (ΟΛΛ
734 1757 829 1803 causa
849 1736 1142 1824 inscriptumpuio:
1172 1738 1424 1823 quemadmodum
1448 1739 1478 1802 in
1501 1737 1691 1824 parallelepi-

483 1847 563 1914 (aa
669 1871 672 1880 ·
736 1842 813 1926 pedo
833 1840 994 1906 mutinensi
1015 1838 1165 1923 signatum
1185 1841 1321 1907 videmus
1341 1861 1450 1905 annom
1467 1846 1538 1906 694.
1557 1839 1631 1905 Vide
1646 1843 1692 1904 in·

482 1941 584 2018 om·
735 1944 826 2008 ferias
849 1963 904 2007 suo
928 1942 1004 2008 ioco.
1040 1943 1116 2008 Polo
1139 1943 1337 2027 probabiliter
1358 1945 1402 2008 sie
1425 1944 1483 2027 legi
1506 1963 1614 2027 posse:
1645 1943 1694 2006 Si·

734 2047 857 2130 gninum
880 2044 912 2110 C.
935 2045 1045 2110 Om...
1078 2045 1194 2110 Coloni.

904 2277 1016 2322 vaseula
1032 2282 1164 2325 mutem

379 2445 449 2506 291.
470 2471 509 2483 -
532 2442 676 2510 Populum
699 2461 736 2506 ex
759 2449 842 2508 ereio
865 2443 1058 2519 tenuissima,
1082 2461 1159 2527 quae
1176 2442 1293 2507 eaoiine
1312 2452 1446 2519 vocator,
1463 2445 1553 2507 ramis
1569 2453 1600 2508 et
1614 2445 1692 2510 foliis
1732 2461 1737 2470 ’

522 2545 676 2628 eleganter
699 2554 856 2621 ornatum,
878 2544 907 2610 in
932 2565 1005 2630 agro
1028 2553 1191 2610 caeretano
1215 2547 1379 2611 invenlum.

482 2721 639 2789 (aromo
810 2716 975 2803 Descripsi:
1006 2718 1118 2782 Nomen
1142 2717 1221 2782 servi
1245 2737 1314 2782 esse
1338 2719 1474 2795 ridetur,
1496 2718 1605 2784 coliata
1627 2721 1692 2804 epi-

767 2819 881 2904 graphe
904 2821 1071 2906 superiore.

377 3007 446 3067 495.
470 3037 511 3052 -
535 3003 649 3068 Petelia
672 3011 812 3068 eretaeea
834 3005 922 3097 nigra
944 3005 1024 3091 apud
1048 3003 1198 3070 Valerium
1223 3006 1487 3071 loseaneilensern.

247 3205 250 3214 =
352 3141 356 3144 ’
482 3179 564 3247 mm
736 3174 851 3239 Prodiit
879 3177 908 3240 in
938 3176 1015 3241 Ball.
1039 3177 1136 3242 lossii.
1158 3153 1284 3241 Boruss.
1311 3180 1411 3254 1866,
1435 3199 1466 3263 p.
1489 3183 1550 3243 ΞΗ
1573 3181 1689 3245 editore

570 3295 572 3299 ·
693 3276 843 3358 Heibigio.
863 3277 978 3342 Nomen
998 3277 1081 3363 figuli
1101 3284 1156 3356 esi,
1174 3287 1245 3362 pulo
1262 3299 1372 3361 graeca
1385 3299 1422 3344 ex
1437 3280 1564 3362 origine.
1581 3280 1688 3354 Λάπος,

267 3369 272 3378 ’
376 3377 474 3461 quod,
498 3376 651 3464 Hesychio
674 3377 928 3496 interpreteaest
949 3379 1022 3457 Sis,
1045 3381 1151 3452 δοῦλος.

376 3568 445 3628 496.
466 3599 506 3610 -
531 3565 640 3628 Patere
662 3571 803 3630 cretaeea
825 3565 904 3628 foliis
928 3572 957 3628 ei
979 3565 1161 3651 anaglyphis
1183 3575 1287 3632 ornata
1306 3570 1334 3633 io
1354 3589 1427 3652 agro
1447 3569 1625 3634 volcentano
1642 3590 1688 3634 re·

520 3674 623 3751 peria:
647 3687 725 3730 auno
748 3666 779 3730 in
803 3687 907 3733 museo
930 3669 1081 3734 vaticano.

476 3843 520 3908 <-
537 3842 662 3908 sorno
832 3839 998 3924 Descripsi.
1018 3840 1051 3903 ln
1072 3840 1194 3935 Ephepr.
1213 3841 1307 3926 epigr.
1322 3839 1407 3905 bero!
1438 3843 1515 3908 maie
1532 3843 1628 3906 edilus
1645 3851 1693 3906 esi

791 3941 839 4004 hie
864 3939 980 4021 titulos,
1004 3942 1192 4028 descriptore
1215 3944 1351 4020 Kohene,
1370 3944 1414 4008 sic
1429 3953 1463 4010 ui
1478 3947 1576 4008 littera
1592 3945 1691 4030 prima

369 4063 390 4124 p
412 4039 452 4105 sil
473 4040 592 4118 clausa,
616 4043 751 4106 seeundo
771 4065 791 4124 p
813 4043 985 4126 angularis,
1007 4047 1018 4106 l
1040 4065 1111 4110 vero
1133 4047 1179 4109 sic
1196 4050 1216 4130 χ
1239 4045 1405 4128 effingalur.

376 4229 445 4294 i97.
469 4265 510 4275 —
531 4228 564 4292 ln
588 4229 711 4293 vasculo
735 4248 771 4293 ex
795 4237 879 4294 creta
901 4231 1021 4296 cooiioa
1043 4232 1137 4295 Caere
1162 4233 1278 4297 effosso.

478 4409 659 4478 omaso
1038 4407 1193 4491 Descripsi
1223 4407 1366 4493 edidique
1389 4408 1419 4472 in
1443 4409 1522 4476 Dies.
1546 4413 1591 4476 soi
1616 4411 1691 4476 Can.

686 4511 727 4578 Ε·
741 4511 870 4582 voror
1001 4507 1095 4593 epigr.
1118 4510 1147 4573 di
1171 4510 1243 4575 Fed.
1267 4511 1398 4587 Rilsohl,
1417 4533 1445 4598 p.
1464 4519 1510 4577 ἰῶ.
1533 4513 1688 4578 Ooriclom

722 4633 725 4644 ·
1000 4631 1109 4679 nomen
1127 4618 1175 4680 est
1190 4614 1275 4680 orbis
1292 4615 1323 4682 in
1340 4633 1402 4702 qua
1420 4616 1454 4682 C.
1470 4615 1606 4702 Popilius
1623 4614 1690 4682 offi-
