3650 5342
311 349 339 392 Ν

361 449 555 538 Materiam
573 453 695 560 operis
715 453 766 537 ita
784 455 994 564 generatim
1013 457 1171 560 partitus
1190 487 1288 556 sum,
1312 472 1353 541 ut
1376 458 1682 542 numismaticam
1796 477 1814 542 ξ’

311 600 332 651 a
350 572 505 677 reliquis
532 573 841 679 inscriptionibus
868 575 1118 681 seiungerem.
1138 577 1264 676 Nolui,
1284 590 1327 658 ut
1344 592 1432 658 ante
1449 579 1591 660 lactum
1611 592 1681 676 est,
1802 598 1811 648 3

311 720 556 774 nummorum
593 694 841 776 litteraturam
881 707 994 799 atque
1034 695 1342 801 orthographiam
1379 725 1467 778 cum
1507 699 1679 779 omnium

308 839 491 919 genarum
519 812 637 896 titulis
664 814 900 918 permiscere.
934 813 1061 896 Utitur
1096 814 1199 896 enim
1234 815 1502 898 numismatica
1534 816 1683 922 legibus

308 933 399 1029 suis,
426 961 513 1014 suas
540 933 658 1013 hahet
684 933 826 1014 litteras
853 932 1076 1039 singulares,
1105 962 1224 1015 nexus
1250 963 1350 1033 suos,
1380 936 1553 1038 symbola
1579 961 1682 1040 prae

307 1064 422 1150 terea,
450 1052 582 1158 sigilla,
609 1052 831 1160 anaglypha,
861 1052 999 1155 quibus
1026 1053 1165 1157 passim
1193 1055 1293 1135 tituli
1320 1067 1460 1134 carent.

358 1173 447 1252 Pars
481 1171 596 1279 igitur
627 1171 749 1276 prima
783 1183 840 1252 est
874 1171 1159 1267 numismatioa3
1188 1174 1357 1254 secundo
1393 1175 1475 1254 loco
1511 1188 1680 1277 estpars

306 1289 554 1396 epigraphica.
582 1292 836 1372 Nummorum
864 1303 971 1394 typos
998 1291 1197 1393 emendari
1224 1291 1362 1396 passim
1390 1293 1552 1397 aurique
1572 1293 1679 1373 novis
1778 1392 1783 1401 .

304 1435 348 1489 ex
367 1409 510 1491 muscis
528 1409 688 1514 publicis
706 1409 946 1512 privatisque,
967 1437 1053 1490 mea
1070 1410 1186 1491 etiam
1201 1411 1384 1520 singulari
1402 1410 1540 1492 horum
1559 1413 1678 1516 copia3

305 1529 418 1634 idque
446 1556 507 1610 me
534 1541 781 1610 consecutum
809 1529 958 1610 conlido
985 1544 1028 1608 nt
1054 1557 1169 1610 nemo
1197 1531 1236 1610 in
1264 1531 1336 1611 hac
1361 1546 1466 1635 parte
1499 1532 1678 1635 prodierit

305 1649 531 1731 instructior.
566 1649 822 1730 Nummorum
860 1647 1110 1744 familiarum,
1145 1676 1306 1752 quorum
1339 1650 1611 1755 descriptiones
1638 1650 1678 1730 in

306 1793 418 1872 opere
437 1767 754 1864 mommseniano,
773 1766 1038 1870 inscriptiones
1057 1767 1170 1847 etiam
1191 1768 1230 1849 in
1244 1769 1487 1850 ritscheliano
1502 1769 1677 1876 omissae,

305 1887 510 1969 editionem
539 1887 602 1968 hic
629 1887 747 1968 hahes
774 1887 821 1969 ad
849 1887 1105 1968 hlacasianam
1138 1887 1401 1978 distributam,
1428 1901 1557 1968 tamen
1582 1916 1679 1992 per-

303 2007 457 2104 mutatis
486 2005 681 2086 nonnullis
708 2016 894 2110 quantum
913 2033 959 2085 ex
976 2005 1140 2086 cicciano
1168 2006 1346 2087 thesauro
1369 2033 1471 2086 arna
1490 2006 1675 2109 descripto

304 2124 515 2233 intelligere
542 2125 675 2206 datum
703 2135 769 2205 est

353 2244 398 2324 In
425 2243 543 2325 titulis
570 2243 709 2347 quihus
737 2271 796 2324 res
824 2244 1065 2352 epigraphica
1100 2245 1317 2326 continetur
1343 2271 1419 2326 non
1447 2244 1519 2325 luit
1549 2245 1676 2325 minor

304 2390 393 2446 cura
420 2362 640 2444 adhihenda
667 2375 705 2444 et
732 2363 827 2444 lidos
855 2379 897 2444 ut
924 2363 1032 2464 plena
1058 2391 1189 2445 eorum
1217 2365 1323 2467 copia
1350 2376 1461 2461 asset,
1490 2378 1528 2444 et
1549 2391 1677 2444 emen·

301 2482 399 2577 data,
418 2482 519 2586 quod
537 2508 607 2588 ego
635 2482 790 2585 quidem
816 2482 996 2584 praestiti,
1024 2481 1147 2589 longis
1173 2483 1390 2585 perplures
1418 2509 1537 2562 annos
1565 2482 1675 2562 itine-

300 2601 405 2683 ribus
438 2629 503 2704 per
538 2601 686 2683 ltaliam
727 2613 947 2705 exterasque
981 2601 1154 2706 regiones
1191 2601 1266 2680 iam
1299 2601 1477 2703 peractis,
1511 2601 1675 2705 plurima

299 2718 497 2800 titulorum
524 2731 629 2824 parte
648 2719 843 2822 descripta.
872 2719 1027 2800 Latinas
1045 2746 1134 2822 opes
1153 2720 1239 2800 auxi
1258 2719 1414 2800 adiectis
1442 2719 1488 2800 iis
1509 2746 1671 2823 quorum

300 2838 481 2920 dialectos
508 2839 541 2921 si
568 2840 696 2920 minus
725 2839 947 2936 litteratura,
976 2851 1076 2919 esset
1100 2838 1227 2919 latina.

349 2959 394 3039 ln
429 2957 627 3040 titulorum
664 2957 930 3039 distributione
965 2971 1040 3037 tres
1072 2957 1294 3061 praesertim
1331 2957 1468 3037 classes
1502 2957 1672 3051 institui,

296 3103 457 3181 quarum
485 3077 610 3180 prima
646 3089 703 3157 est
736 3104 887 3174 eorum,
925 3076 989 3179 qui
1027 3088 1177 3178 propter
1209 3076 1476 3183 grammaticas
1508 3075 1672 3156 rationes

294 3195 490 3275 saeculum
527 3195 581 3275 rei
617 3194 791 3298 publicae
817 3194 1024 3298 septimum
1052 3221 1128 3273 non
1157 3194 1361 3288 excedunt,
1390 3220 1455 3273 eos
1485 3220 1573 3273 vero
1601 3195 1667 3298 qui

297 3313 490 3395 saeculum
511 3313 717 3417 septimum
736 3314 903 3418 produnt
922 3313 962 3393 in
982 3313 1133 3393 tertiam
1152 3312 1314 3394 classem
1333 3313 1488 3392 conieci.
1506 3311 1670 3393 Mediam

294 3432 468 3514 obtinent
494 3433 654 3513 classem
683 3432 783 3513 tituli
812 3432 945 3514 aetatis
973 3443 1109 3511 certae.

344 3551 614 3632 Adolescentes
642 3551 715 3644 hic,
743 3579 905 3655 quorum
934 3550 1132 3654 praecipue
1152 3547 1364 3630 commodis
1393 3548 1568 3646 inservio,
1587 3576 1669 3628 mo-

296 3671 443 3752 nendos
471 3698 620 3767 censeo,
647 3699 695 3752 ne
722 3671 853 3751 titulos
881 3670 946 3773 qui
974 3669 1084 3750 tertio
1112 3668 1195 3749 loco
1221 3669 1430 3749 afferuntur
1447 3695 1581 3748 omnes
1601 3695 1669 3747 ne-

294 3790 456 3872 cessario
483 3799 617 3895 putent
645 3790 743 3869 intra
771 3787 912 3870 saeculi
939 3787 1091 3890 septimi
1118 3786 1215 3867 fines
1250 3813 1334 3867 esse
1367 3787 1665 3866 concludendos:

295 3935 365 3988 nec
413 3909 517 3990 enirn
566 3906 719 3989 definiri
767 3905 977 3988 identidem
1022 3916 1144 4007 potest
1189 3915 1356 3984 extrema
1398 3904 1453 3983 rei
1494 3903 1669 4008 publicae

292 4037 461 4129 tempora
489 4027 688 4134 attingant,
715 4053 762 4104 an
790 4025 837 4103 ad
866 4024 1036 4104 medium
1065 4023 1141 4103 lere
1174 4023 1369 4102 saeculum
1398 4033 1572 4101 octavum
1597 4048 1669 4101 ex-

189 4163 194 4170 ’
293 4157 466 4240 currant,
499 4145 651 4249 quando
678 4143 811 4225 eadem
839 4142 1089 4224 formularum
1124 4141 1303 4221 severitas
1331 4153 1369 4219 et
1398 4139 1667 4245 orthographia

293 4274 396 4344 extra
429 4264 564 4345 urbem
598 4262 819 4367 praesertim
854 4273 1000 4342 servata
1032 4271 1193 4364 apparet.
1232 4261 1362 4362 ltaque
1389 4285 1433 4337 aa
1470 4259 1517 4336 de
1552 4285 1667 4338 causa

292 4382 479 4485 quaedam
515 4382 563 4462 ad
597 4381 762 4484 speciem
798 4379 938 4460 adduxi
965 4377 1138 4482 exempla
1164 4401 1262 4479 quaa
1293 4375 1554 4479 imprudentes
1581 4402 1665 4455 mo·

291 4513 437 4582 nerent.
466 4501 510 4582 In
538 4527 689 4582 summa
716 4527 792 4580 non
820 4499 904 4604 lege
931 4497 1057 4601 aliqua
1082 4497 1159 4577 lata
1185 4494 1328 4575 lactum
1355 4506 1423 4593 est,
1450 4505 1489 4573 at
1506 4519 1666 4574 consue

289 4620 422 4704 tudine
440 4633 483 4701 ut
501 4631 665 4703 vetustas
682 4619 865 4724 paulatim
876 4617 1150 4699 obliteraretur
1167 4615 1205 4694 in
1225 4613 1426 4696 scribendo
1444 4611 1662 4717 apluribus.

1796 841 1822 891 .l
