3650 5342
125 384 199 448 807.
222 383 381 466 (ssata).
403 418 445 429 —
467 379 589 446 Titulus
614 378 706 443 minin
728 378 828 463 pictus
850 375 882 439 io
907 372 1029 459 tegulis.

549 512 1009 603 melioritatem-tlt

631 667 772 748 auulsa
825 666 901 735 nm
924 666 1037 734 orna

634 795 714 863 soa
805 796 827 859 u
853 795 979 863 crus<
1023 776 1106 892 tout]

166 959 327 1045 Descripsi
349 958 493 1046 edidiqne
517 960 578 1025 tab.
598 959 637 1023 lv
656 981 684 1024 n.
705 965 723 1023 3
742 980 773 1044 p.
793 964 833 1025 63
853 967 884 1025 et
902 961 932 1025 in
950 962 1026 1046 App.
1045 982 1074 1045 p.
1093 964 1153 1023 t88
1172 979 1222 1045 op.
1241 961 1291 1024 cit.
1312 958 1453 1024 Momms.

125 1063 234 1146 repetit
255 1060 419 1129 editionem
442 1064 589 1149 primam,
607 1082 688 1147 quac
705 1062 819 1149 prodiit
830 1063 862 1126 in
879 1063 988 1129 annal.
1004 1061 1102 1127 instit.
1118 1061 1179 1127 tab.
1199 1066 1215 1125 t
1233 1081 1262 1125 n.
1281 1066 1320 1126 ts
1335 1083 1363 1146 p.
1381 1064 1453 1127 279.

124 1163 195 1228 b'uit
216 1162 294 1229 baec
315 1164 476 1249 inscriptio
499 1166 530 1229 io
553 1164 695 1251 sepulcro
718 1165 763 1229 illi
785 1163 940 1249 proximo,
966 1184 982 1228 e
1005 1184 1066 1249 quo
1089 1166 1166 1229 eruti
1184 1171 1255 1229 sunt
1274 1164 1351 1228 tituli
1370 1184 1388 1228 a
1405 1184 1453 1229 me
1574 1207 1584 1219 -

123 1268 212 1332 relati
229 1288 278 1332 nn.
294 1270 450 1332 798-806.
466 1268 602 1352 Tegulae
619 1267 701 1332 noda
715 1266 745 1332 in
763 1274 842 1333 testa
853 1268 984 1353 primum
1000 1266 1116 1333 litteras
1132 1275 1326 1351 acceperuut,
1341 1264 1452 1333 iterum

125 1368 238 1434 deinde
259 1373 360 1456 pictae
383 1371 498 1436 albario
521 1372 664 1438 inducto:
689 1371 771 1455 quod
792 1371 823 1435 in
846 1370 965 1436 albario
988 1372 1088 1457 reperi
1111 1371 1258 1455 scriptum
1281 1370 1364 1433 linea
1387 1368 1452 1434 cir·

125 1471 289 1538 oumducta
310 1472 420 1539 notari.
443 1473 622 1557 Legendum
645 1472 797 1559 probabili
828 1474 1025 1538 coniectura:
1061 1472 1101 1537 bl.
1125 1472 1289 1558 Clipeario.
1312 1472 1353 1535 Μ.
1376 1471 1451 1556 (fit.)

126 1573 300 1661 Harisplex]
326 1576 456 1661 (ceolsor
476 1577 506 1641 ll
530 1577 588 1660 (vir
609 1576 754 1661 praelior.
789 1575 854 1641 Vox
876 1596 955 1661 pene
970 1579 1103 1661 integra
1133 1582 1269 1649 (fuso
1302 1575 1455 1660 quomodo

125 1679 270 1761 coniungi
294 1678 392 1763 possit
411 1699 480 1745 cum
502 1679 682 1762 retrograda
708 1678 892 1765 epigraphe,
922 1680 1005 1744 bnon
1036 1679 1102 1753 lla,
1132 1680 1206 1743 latet
1235 1668 1300 1754 me,
1332 1678 1391 1742 nisi
1427 1678 1452 1741 si

126 1781 298 1866 exemplum
317 1800 387 1845 esse
406 1783 450 1846 vis
469 1783 546 1848 tituli
565 1782 926 1866 bustropbedon'scripli.
940 1782 1020 1847 Nota
1034 1800 1236 1867 praenomen,
1251 1782 1354 1859 linco,
1371 1780 1454 1865 quod

126 1882 184 1947 luit
205 1884 275 1948 olim
297 1884 405 1949 blarcii
424 1886 507 1968 regis
531 1905 547 1949 e
570 1883 693 1948 Sabinis
716 1883 845 1949 oriundi.
868 1884 980 1949 Forma
1002 1885 1157 1971 aspiratae
1183 1890 1206 1955 Η
1231 1883 1350 1949 accedit
1373 1883 1412 1947 ad
1435 1890 1456 1953 Β

126 1985 311 2052 elementum
334 1988 484 2053 Oscorum
505 1988 749 2073 Tuscorumque.

130 2176 202 2238 808.
224 2174 324 2237 —ln
353 2176 530 2259 pavimento
558 2172 716 2237 aediculae
746 2172 848 2257 operis
878 2172 988 2237 musivi
1013 2171 1142 2237 Faleriis
1165 2179 1307 2257 reperto:
1338 2172 1459 2237 inerant

279 2275 440 2361 delphines
462 2283 494 2339 et
516 2294 577 2359 quo
598 2274 692 2341 latere
715 2274 786 2339 olim
810 2273 901 2341 limen
926 2275 998 2351 luit,
1022 2275 1175 2359 scriptura
1192 2274 1353 2357 legebatur
1370 2276 1457 2359 nigro

277 2378 396 2452 colore,
419 2377 528 2442 litteris
551 2378 616 2442 lere
637 2375 838 2463 palmaribus.

331 2516 877 2591 'itu-r·)·03ttttttir·3)
968 2518 1255 2595 m·01mtt¹lt·ll

171 2668 327 2751 Descripsi
350 2667 495 2752 edidiqne
511 2669 540 2732 in
560 2667 642 2731 Diss.
662 2666 710 2729 dei
727 2664 799 2729 Can.
816 2666 914 2749 epigr.
930 2661 961 2735 di
977 2663 1051 2729 Fed.
1066 2663 1181 2730 llitschl
1198 2666 1259 2731 tab.
1277 2686 1304 2730 n.
1321 2672 1339 2729 6
1355 2689 1385 2753 p.
1401 2672 1457 2752 3³3

129 2791 208 2836 nunc
231 2769 332 2856 periit.
366 2771 438 2837 Post
459 2788 647 2855 praenomen
670 2769 768 2852 patris
791 2768 905 2833 nullum
930 2766 1075 2831 indicium
1100 2770 1240 2853 apparuit
1260 2769 1381 2834 litterae
1404 2772 1460 2835 de-

129 2873 285 2960 perditae,
309 2874 366 2937 nisi
390 2874 473 2958 quod
496 2872 639 2938 tessellae
657 2870 698 2935 ibi
717 2877 805 2935 erant
821 2876 935 2934 temero
951 2868 1081 2954 positae.
1104 2870 1201 2951 Lege:
1217 2870 1334 2936 Hirmio
1349 2874 1388 2936 M.
1405 2874 1456 2957 (l.)

129 2976 170 3040 lle
192 2976 347 3041 Tertineo.
369 2974 401 3040 C.
425 2978 448 3058 l.
467 2969 600 3040 Prel..:
624 2973 682 3039 boc
704 2979 771 3037 est:
797 3022 825 3037 ..
846 2972 983 3037 Hirmius
1005 2972 1102 3036 blarci
1126 2970 1177 3048 fit,
1200 2972 1279 3038 Ccso
1302 2973 1458 3039 Tertinios

130 3079 183 3144 Cai
207 3079 247 3143 lil.
270 3078 442 3144 Praetores.
477 3078 511 3141 ln
541 3077 736 3163 alphabetum
766 3073 955 3140 Faliscorum
984 3074 1084 3139 littera
1109 3079 1130 3146 Κ
1160 3094 1218 3139 uon
1242 3082 1290 3139 est
1311 3085 1455 3161 recepta:

129 3180 276 3247 adhibent
296 3200 381 3254 vero,
403 3200 471 3245 cum
494 3180 598 3243 latinis
613 3176 773 3243 elementis
791 3183 926 3241 utuntur.
945 3170 1064 3242 'Littera
1082 3181 1110 3248 Μ
1128 3178 1199 3242 item
1215 3185 1321 3243 carent
1335 3178 1456 3254 Falisci,

128 3283 195 3348 eius
216 3286 284 3350 loco
306 3289 456 3368 perpetuo
482 3289 517 3355 m
544 3282 694 3347 Oscorum
718 3280 949 3363 Tuscorumque
971 3287 1132 3363 usurpant.
1161 3281 1255 3345 Recto
1279 3284 1370 3364 igitur
1392 3300 1458 3346 mo·

128 3391 194 3453 nuit
220 3407 270 3452 me
298 3386 458 3453 Carmelus
485 3385 657 3449 lllancinius
688 3402 748 3447 non
769 3381 905 3448 Manium
929 3382 985 3447 scd
1008 3382 1143 3449 Marcum
1166 3384 1261 3448 luisse
1283 3385 1456 3465 legendum.

130 3490 361 3577 bipbtbongum
381 3492 411 3553 oi
432 3487 499 3554 sire
520 3508 555 3552 oe
576 3495 695 3552 mutant
717 3505 786 3550 cum
808 3482 940 3570 simplici
957 3482 1058 3551 littera
1075 3508 1106 3548 c:
1130 3485 1234 3571 itaque
1250 3485 1402 3564 scribunt,
1425 3496 1458 3552 ut

130 3597 248 3670 monui,
272 3595 403 3672 Casula,
425 3591 519 3663 Ceso.
544 3590 668 3664 Pretor,
690 3588 809 3652 blccius
831 3593 863 3651 et
885 3585 1010 3651 Cesilia.

131 3786 202 3846 809.
226 3782 355 3865 (2255,
378 3777 538 3859 XXXVI).
560 3810 604 3826 -
627 3776 725 3839 Parva
747 3792 846 3839 aenea
868 3772 953 3837 basis
976 3772 1097 3855 trigona
1119 3772 1248 3839 Faleriis
1270 3785 1420 3860 reperta..

781 3967 945 4202 Quo
977 4138 979 4146 .

940 4180 968 4236 r!

621 4278 716 4344 (avt
733 4288 741 4338 :
756 4278 975 4346 ΤΕΚῘΙΝΕΙῑ

174 4465 332 4550 Descripsi
356 4462 500 4548 edidiqne
523 4462 585 4528 tab.
604 4460 660 4526 Vll
679 4482 707 4526 n.
724 4464 743 4525 ἲ
763 4481 792 4546 p.
809 4464 848 4523 69
868 4479 917 4545 op.
934 4459 985 4524 cit.
1007 4458 1162 4523 Bruanius
1185 4457 1237 4540 qui
1262 4455 1344 4541 apud
1366 4442 1459 4537 n'ego·

134 4569 275 4635 tiatorem
296 4564 504 4651 antiquarium
527 4563 666 4643 viderat,
689 4564 873 4629 delineatam
895 4558 1069 4627 llitsobelio
1088 4557 1231 4637 miserat,
1255 4558 1307 4642 qui
1328 4576 1459 4645 praene-
