3650 5342
1402 311 1435 370 33

126 444 218 502 menta
240 447 271 499 nt
291 439 323 502 in
347 439 445 504 tertiis
468 438 608 525 personis
631 439 791 504 verborum
816 438 930 523 pariter
952 438 1081 503 omissas
1104 439 1207 503 videre
1223 445 1270 504 est
1284 438 1313 502 io
1332 444 1446 511 (νΡΑ,

128 546 404 616 enodavero.
431 548 557 620 ΒΕῠΑ,
580 563 650 608 raro
674 565 691 602 a
716 549 849 617 tantum,
874 549 905 605 ut
931 548 1112 620 DEDROT,
1137 549 1281 615 (Vidi.

161 643 242 709 Haec
266 645 369 711 omnia
387 647 426 710 ad
446 645 684 732 antiquissimam
705 653 833 710 aetatem
853 645 1020 730 pertinent,
1035 646 1122 711 cuius
1138 647 1265 728 vestigia
1281 645 1443 710 identidem

122 749 237 812 saeculo
260 755 348 814 sento
372 757 402 814 et
425 751 554 834 septimo
584 755 748 834 apparent,
778 769 929 834 versoque
951 771 967 811 o
990 748 1021 814 in
1043 773 1063 812 a
1092 749 1178 832 leges
1209 754 1445 830 (OLLEGW,

125 855 346 923 itiARGtthl
371 861 400 916 et
422 850 546 929 similia,
573 858 722 928 EMERV,
747 859 777 915 et
800 852 921 916 subiate
944 851 1044 920 littera
1067 861 1091 930 t,
1118 859 1265 960 vivont..

688 1093 773 1167 GAP.
801 1093 888 1166 xvi.

482 1291 517 1334 ne
535 1287 764 1335 extramoeniana
782 1292 904 1334 veterum
922 1287 1090 1334 urinarum.

162 1475 265 1540 Pauca
289 1493 363 1538 sane
387 1481 417 1538 et
438 1475 618 1560 pierumque
641 1475 755 1537 incerta
778 1479 847 1537 sunt
870 1492 950 1558 quae
969 1472 1007 1536 ab
1026 1471 1160 1558 antiquis
1178 1471 1392 1537 Grammaticis
1410 1475 1448 1538 de

124 1578 358 1642 declinationum
381 1583 515 1642 veterum
539 1574 660 1641 casibus
685 1575 875 1660 accepimus:
902 1595 959 1639 nec
981 1583 1079 1641 tamen
1103 1577 1179 1639 satis
1202 1574 1351 1660 proficere
1373 1593 1447 1660 pos-

123 1702 231 1746 sumus.
253 1701 291 1745 ex
320 1683 523 1746 monumentis
552 1701 631 1765 quae
654 1681 691 1742 ad
715 1699 768 1744 nos
792 1685 1005 1764 pervenerunt.
1041 1677 1166 1743 Constat
1187 1678 1218 1742 id
1243 1678 1446 1764 experientia,

124 1786 235 1849 nultum
260 1785 409 1849 hactenus
433 1783 602 1868 exemptum
626 1782 753 1866 reperiri
778 1781 951 1846 nominativi
975 1782 1102 1868 pturaiis
1124 1782 1154 1845 in
1178 1784 1218 1857 m',
1237 1775 1340 1847 oe'aut
1356 1780 1447 1847 dativi

123 1896 151 1951 et
172 1879 300 1953 ablativi
322 1889 352 1952 in
375 1888 432 1962 oie,
455 1907 518 1963 uec,
542 1905 617 1972 quos
641 1884 753 1950 scimus
776 1905 794 1950 a
818 1883 987 1950 veterrimis
1011 1892 1181 1969 usurpatos.
1213 1886 1302 1969 Apud
1327 1884 1447 1950 Festum

122 2013 156 2054 ex
177 1991 247 2073 lege
270 1988 389 2054 Numae
413 1991 578 2055 recitantur
601 1988 676 2054 hoec
699 1989 810 2070 rerbag
829 1990 921 2076 douai
944 1989 1064 2063 Quirino
1086 2009 1191 2067 apuam
1212 2009 1318 2050 merem
1339 1990 1449 2051 caedito

123 2113 199 2177 quae
223 2095 319 2159 ierme
343 2094 414 2158 oiim
437 2092 550 2178 scripta
571 2092 657 2158 Junci
681 2093 813 2164 onir-inci
835 2111 933 2154 ocream
956 2111 1062 2157 marem
1085 2093 1215 2155 coiditod.
1240 2089 1320 2154 Alibi
1338 2113 1367 2176 p.
1385 2094 1446 2154 206

123 2198 159 2260 ab
182 2197 290 2262 eodem
315 2196 447 2260 citantur
469 2197 613 2258 Pitumnoe
633 2197 735 2278 poploe
759 2215 793 2260 ex
819 2195 953 2258 carmine
974 2193 1092 2267 satiari,
1116 2201 1178 2256 tum
1194 2194 1233 2258 ab
1248 2195 1447 2278 epitonratorc

123 2299 215 2365 Paulo
230 2321 260 2385 p.
273 2305 326 2373 86,
343 2301 517 2376 Feseemuoe,
531 2306 560 2363 et
573 2300 652 2382 apud
670 2299 809 2362 eumdem
825 2296 951 2380 tegimus
965 2319 995 2382 p.
1011 2301 1061 2360 to:
1077 2321 1091 2356 n
1102 2300 1137 2360 ud
1149 2299 1224 2360 cicer
1235 2297 1380 2361 dicebant
1391 2317 1446 2382 pro

121 2407 155 2466 od
169 2404 229 2465 ittis
244 2427 275 2465 u.
293 2401 395 2472 Dativi
412 2403 551 2487 exempta
567 2401 681 2466 diarius
700 2400 871 2465 Victorinus
887 2400 961 2485 petit
976 2421 1012 2465 ex
1027 2400 1112 2484 tibris
1127 2399 1289 2475 veteribus,
1301 2408 1393 2486 atque
1411 2420 1447 2464 er

122 2507 285 2590 peritorum
310 2505 510 2590 quorumdam
533 2503 653 2587 scriptis
679 2503 734 2587 (de
754 2503 886 2588 orthogr.
904 2524 931 2566 c.
952 2509 978 2567 d.
999 2525 1026 2588 p.
1044 2507 1094 2568 26.
1109 2504 1180 2567 edit.
1198 2502 1304 2584 Gaisi.)
1322 2505 1448 2576 carecini,

121 2611 235 2690 caprei:
267 2610 323 2673 sed
351 2607 427 2672 haec
451 2606 629 2673 recentioris
653 2615 723 2670 sunt
747 2607 854 2670 aetatis
877 2605 906 2670 in
931 2627 992 2691 qua
1016 2605 1109 2669 reicit
1130 2624 1241 2688 graeca
1261 2607 1448 2671 consuetudo

122 2714 149 2776 iu
171 2714 292 2798 graecis
317 2709 477 2776 vocabulis
502 2709 739 2786 transferendis,
765 2717 796 2772 ut
818 2729 844 2773 e.
870 2731 897 2792 g.
921 2711 1036 2781 coemoi,
1060 2709 1108 2773 vet
1133 2730 1240 2771 ccenroe
1262 2709 1446 2784 scriberent,

124 2836 198 2900 quae
217 2815 314 2880 verba
333 2813 484 2898 hodieque
503 2813 645 2895 teguntur
665 2815 694 2875 in
711 2811 772 2876 Cic.
789 2811 813 2874 li
833 2813 906 2896 Prep.
925 2832 951 2873 c.
966 2817 1017 2887 33,
1041 2813 1078 2874 ad
1103 2833 1192 2896 quem
1208 2813 1307 2876 iocum
1325 2818 1450 2876 revocat

122 2919 215 2984 Maius
230 2937 269 2983 ex
287 2917 370 2982 maa
393 2917 446 2978 id
471 2917 643 2991 Henioctme,
669 2923 697 2979 et
720 2914 863 2980 Osannus
886 2917 1059 2997 canephoroe
1082 2935 1119 2979 ex
1135 2915 1198 2979 Cic.
1216 2914 1255 2977 tv
1275 2914 1357 2978 t'err.
1375 2920 1406 2989 2,
1420 2919 1447 2989 5,

124 3023 277 3109 addasque
294 3021 365 3086 ticet
380 3021 485 3083 Locroe
499 3041 535 3085 ex
553 3018 681 3099 Quintil.
701 3020 735 3094 X,
751 3024 777 3094 t,
792 3023 841 3096 70,
859 3018 940 3102 quod
956 3019 1126 3102 exemptum
1141 3025 1210 3104 post
1225 3017 1445 3084 Schneiderum

125 3124 263 3189 excitarit
287 3125 453 3210 Zumptius

162 3227 281 3294 lavabit
304 3227 362 3292 hoc
386 3226 453 3290 loco
478 3232 640 3292 contexere
663 3247 700 3290 er
721 3223 922 3291 monumentis
941 3225 1072 3290 coiiecta
1091 3224 1243 3290 schemata
1262 3225 1447 3308 singularum

125 3329 363 3407 declinationum,
387 3329 540 3394 utstatim
565 3337 712 3416 appareat
735 3349 825 3414 quam
849 3349 950 3413 pauca
971 3329 1029 3392 sint
1051 3348 1129 3413 quae
1153 3337 1281 3393 aetatem
1306 3329 1446 3393 tuterunt.
1512 3385 1515 3390 .

654 3523 801 3570 declinatio
819 3523 919 3576 arima.

128 3670 204 3738 tou.
269 3695 359 3749 eas
530 3678 1348 3750 commentemur,remurmuremus,
1535 3725 1538 3731 .

608 3783 653 3846 §a
661 3783 797 3848 ΜΙΕΝΑ
813 3777 1045 3862 (tnesaurum),
1064 3782 1209 3847 cotra
1222 3777 1322 3857 (masc.
1338 3796 1365 3839 n.
1381 3776 1445 3862 pn),

610 3884 756 3949 ΡΟΕΝΑ
783 3878 892 3960 (masc.
918 3902 945 3942 n.
970 3879 1043 3964 pn).

268 4002 286 4042 ὁ
526 3987 678 4062 etune.
703 3989 919 4058 tttocttttttt,
945 3988 1113 4054 ΡΑΒΑΤΕ
1137 3983 1249 4065 (masc.
1274 4002 1301 4045 u.
1326 3982 1402 4066 pm).

527 4124 798 4192 enoseemma,
824 4125 1057 4193 erraremus,
1084 4123 1277 4193 rnmrtms.

523 4226 723 4293 aereum.
747 4227 884 4293 (ome

527 4331 614 4396 uera
644 4330 794 4396 neena.

529 4433 786 4513 acerinam,
807 4435 1018 4501 mourmes.

529 4570 758 4642 Potuerunt,
783 4568 975 4638 tOilGNA.

524 4673 731 4744 urcrontu,
756 4674 931 4746 trisemo,
955 4676 1092 4748 ttatmtt,
1118 4677 1329 4744 DETRONE.
