3650 5342
357 252 407 308 not

341 357 435 438 multo
467 371 663 458 posteriorem
694 372 775 438 bello
807 374 938 439 marsico
972 374 1124 459 pertinent
1157 376 1311 459 legionum
1347 378 1529 463 agnomina:
1566 386 1665 447 tamen

340 475 399 559 leg.
423 482 457 546 tlt
486 482 519 550 Ρ,
542 476 600 558 leg.
623 482 670 547 >ot
699 477 768 555 eut,
791 476 917 559 glandes
939 478 967 541 in
994 478 1103 543 Pieeno
1128 484 1156 542 et
1179 480 1218 543 ad
1240 478 1362 544 Truenti
1388 481 1482 565 ripam
1504 488 1666 547 narrantur

341 578 495 642 inventae:
518 598 574 641 nee
598 585 718 643 constat
739 599 799 663 que
821 578 1019 645 alienatione
1041 579 1223 665 compendia
1245 582 1362 665 possint
1380 582 1523 668 suppleri,
1538 581 1595 648 nisi
1611 602 1666 669 per

339 679 489 760 legionem
513 688 628 747 sextam
651 682 791 745 ferratam
815 688 846 745 et
866 683 1077 748 duodecimam
1106 684 1312 761 fulminatum,
1346 703 1423 768 quae
1452 692 1523 751 sunt
1553 686 1663 752 aetatis

340 782 565 866 imperatoriae.
586 781 716 848 Videtur
738 785 829 866 igitur
851 806 905 870 pro
928 792 1010 851 eerto
1033 786 1204 851 babendum
1223 794 1344 872 praeter
1367 787 1570 853 obsidionales
1588 788 1664 854 alias

342 885 433 951 etiem
456 886 582 970 glandes
605 885 731 972 reperiri
754 887 838 953 cirea
860 908 896 953 ee
918 888 986 954 loon
1007 888 1059 953 ubl
1083 889 1156 954 olim
1181 890 1354 954 obsidiones
1376 889 1473 955 laetae
1496 899 1584 969 sunt,
1609 892 1666 957 ali-

340 985 418 1052 bive.
441 988 566 1053 lnterim
589 1010 676 1069 oum,
700 1011 778 1075 quae
802 1010 907 1057 revera
929 992 967 1055 ad
991 992 1131 1057 Asculum
1155 990 1316 1077 pertinent,
1340 993 1470 1057 nondum
1494 991 1568 1059 satis
1592 1014 1665 1059 eon·
1749 1031 1751 1036 ·

340 1096 415 1168 stet,
439 1111 542 1157 aarum
566 1093 713 1158 rationem
735 1114 804 1159 esse
826 1094 995 1160 babendum
1020 1093 1112 1168 duxi,
1137 1097 1267 1181 quaein
1292 1096 1402 1160 Piceno
1426 1104 1456 1161 et
1478 1099 1515 1161 ad
1539 1096 1664 1163 Tenenti
1764 1108 1773 1133 ¹

342 1194 438 1277 ripam
467 1194 607 1261 inventae
635 1196 801 1261 traduntur.
832 1196 1035 1265 Falsariorum
1059 1197 1141 1262 lraus
1164 1199 1193 1262 in
1218 1198 1298 1263 nullo
1320 1199 1379 1263 elio
1403 1207 1664 1265 monumentorum

341 1316 453 1379 genere
476 1300 572 1380 magis
595 1298 768 1381 effingendo
791 1320 824 1365 se
845 1299 903 1368 bae
927 1308 1030 1366 nostra
1051 1308 1150 1367 aetate
1168 1300 1310 1378 exercuit,
1333 1320 1424 1387 quam
1447 1301 1476 1367 in
1499 1300 1663 1388 glandibus

341 1398 459 1463 bellicis
480 1400 642 1487 inscriptis.
665 1402 863 1487 Experientia
885 1424 952 1469 mea
974 1406 1081 1470 doetus
1104 1404 1223 1469 dnobus
1248 1405 1309 1469 lere
1327 1404 1460 1471 millibus
1476 1406 1663 1481 examinatio,

340 1503 524 1569 reiioiendas
547 1504 637 1569 docui
661 1525 698 1570 ex
715 1504 807 1570 illatis
825 1508 853 1570 ln
870 1526 1007 1571 museum
1022 1507 1247 1593 neapolitanum
1263 1506 1398 1593 quinque
1415 1515 1445 1573 et
1461 1506 1664 1595 septuaginta,

342 1624 422 1691 quae
450 1625 469 1670 a
499 1607 628 1691 quodam
658 1607 777 1672 bomine
804 1609 947 1675 asculano
970 1611 1048 1674 dono
1070 1608 1184 1688 missa,
1206 1610 1375 1696 eodemque
1396 1608 1470 1676 vitio
1492 1610 1664 1677 laborantes

342 1709 380 1772 ad
413 1708 495 1773 mille
525 1716 555 1774 et
588 1711 825 1795 quadringentas
857 1732 937 1798 quae
970 1712 1050 1799 apud
1085 1714 1198 1779 llareh.
1222 1713 1290 1779 Car.
1313 1713 1463 1779 Stonzium
1495 1713 1663 1780 Florentiae

342 1809 413 1887 vidi,
436 1812 508 1876 item
530 1832 605 1899 quas
624 1813 827 1879 Tomasettius
843 1835 897 1901 per
912 1814 1083 1881 lnstitntum
1100 1815 1295 1883 borussicum
1311 1818 1446 1899 vulgarit
1464 1815 1554 1900 (Ball.
1572 1820 1664 1899 tete,

343 1916 517 1997 ltb-l28);
540 1917 711 2002 eodemque
733 1917 765 1981 in
787 1938 881 1984 censu
904 1917 1001 1985 babeo
1024 1921 1144 1985 unicam
1167 1920 1248 1985 illam
1268 1919 1389 1985 eRossi
1406 1918 1500 1986 Seotli
1516 1920 1662 2006 perusino

343 2014 458 2083 editam
482 2019 607 2101 (Glorn.
630 2018 660 2083 di
685 2022 815 2105 Perugia
839 2026 930 2099 tete,
948 2022 1016 2105 65),
1032 2031 1193 2108 praeterea
1205 2022 1273 2089 illes
1288 2023 1494 2109 praegrandes
1510 2022 1541 2088 in
1558 2044 1663 2089 museo

342 2121 413 2184 olim
436 2118 618 2206 Campanae,
642 2124 723 2209 apud
747 2109 1112 2207 Cardinalem'dlterinm
1128 2123 1267 2210 aliosque
1282 2133 1417 2191 extentes
1434 2144 1512 2209 quae
1528 2126 1664 2191 seruntur

340 2223 444 2289 Asculi
471 2233 623 2309 repertae,
646 2225 676 2289 in
699 2225 822 2292 lornaoe
846 2228 975 2313 quadam
999 2230 1037 2295 ad
1060 2248 1112 2293 eas
1135 2228 1252 2295 llandas
1273 2236 1394 2313 parata,
1425 2248 1514 2313 quam
1534 2234 1565 2293 et
1587 2227 1660 2293 mibi

343 2331 494 2391 ostensam
518 2326 650 2392 memini.

341 2496 413 2562 935.
439 2498 577 2582 (zdttl.
602 2498 694 2563 -ln
717 2498 785 2583 ripa
806 2499 933 2566 Truenti
955 2492 1087 2585 reperta
1111 2500 1166 2566 Est
1186 2499 1218 2565 in
1241 2500 1453 2568 Kiroberiano.

943 2626 1075 2692 ROMA

382 2753 547 2840 Descripsi.
571 2755 709 2833 Quatuor
732 2777 769 2822 er
792 2755 838 2820 bis
861 2777 959 2842 nuper
980 2765 1118 2842 repertas
1140 2757 1170 2822 in
1193 2777 1267 2841 agro
1290 2761 1462 2825 corlonensi
1486 2758 1547 2825 vidi
1580 2761 1661 2847 apud

340 2854 531 2922 Grazzinium
553 2860 771 2940 negotiatorem
786 2858 999 2945 ‘arrtiquan'nm
1019 2858 1201 2924 Florentiae.
1220 2860 1300 2944 Lege
1315 2862 1519 2929 Romanorum
1538 2862 1663 2947 (nempe

343 2958 536 3043 funditores).

341 3136 413 3196 936.
427 3130 547 3217 (zot5).
557 3130 637 3196 -ln
648 3130 768 3198 llumine
778 3133 920 3200 Truento.
933 3136 985 3199 Est
994 3135 1024 3199 in
1037 3102 1361 3213 museoKiroberieno,
1373 3145 1403 3201 et
1414 3136 1445 3201 in
1457 3136 1661 3223 Neapolitano.

963 3261 1061 3328 ΙΤΑΙ.

382 3373 547 3460 Descripsi.
570 3372 649 3458 Lege
672 3374 846 3441 ltalinorum
870 3375 997 3461 (nempe
1019 3376 1217 3463 funditores).

341 3546 412 3609 937.
433 3586 471 3595 -
493 3545 528 3610 ln
552 3544 761 3612 Kiroberiano.
956 3554 1048 3621 ttae-

381 3665 546 3751 Deseripsi.
570 3666 650 3750 Lege
668 3665 900 3733 Hatrianorum.

343 3842 413 3902 938.
436 3840 570 3923 (26t8J.
591 3842 685 3907 -ln
709 3842 829 3907 Piceno.
944 3849 1059 3916 refrt

343 4014 413 4076 939.
436 4012 569 4095 (solt).
590 4054 629 4065 -
650 4015 754 4081 Asculi
777 4022 906 4101 reperta.
931 4014 984 4081 llst
1005 4017 1036 4081 in
1059 4015 1272 4083 Kiroberiano.

963 4143 1046 4208 teet

335 4282 342 4294 ·
380 4266 544 4353 Descripsi.
567 4268 678 4335 Hostes
700 4278 918 4357 persequentes
941 4271 1069 4337 Romani
1091 4273 1159 4351 boo,
1183 4269 1248 4347 leri,
1272 4290 1364 4357 saepe
1386 4272 1611 4337 succlamabant
1626 4290 1660 4336 se

339 4366 470 4435 invicem
491 4372 693 4438 cohortantes.
716 4374 794 4438 Plut.
816 4375 845 4437 in
867 4373 1020 4449 Marcello,
1039 4381 1072 4439 8:
1097 4372 1145 4437 'Er
1160 4376 1227 4446 τιιῖς
1239 4374 1359 4456 μάχαις
1374 4376 1437 4435 ὅταν
1452 4372 1579 4435 διώκωσι
1595 4371 1661 4446 τσὺς

338 4473 494 4548 πολεμίους,
514 4477 615 4538 πυκνὸν
636 4477 666 4538 τὸ
689 4475 765 4560 φέρι,
787 4472 908 4538 τουτέστι
932 4478 999 4541 nole
1021 4478 1228 4561 παρεγγυῶσιν
1251 4477 1394 4549 ἀλλίιλσις.
1424 4474 1535 4541 Locum
1558 4476 1662 4539 citavit

339 4573 455 4639 dudum
471 4576 620 4643 ldelobior
635 4576 768 4643 bellicus
786 4577 890 4659 (Delta
905 4577 1028 4644 antiche
1043 4577 1175 4663 gbiande
1192 4578 1309 4655 missili,
1325 4578 1551 4663 Napoli,t826,
1566 4598 1597 4662 p.
1614 4579 1659 4661 8).
1695 4640 1698 4647 ,
1804 4654 1809 4666 ι
