3650 5342
1443 276 1491 333 151

189 395 218 458 in
242 417 302 480 qua
325 397 385 461 lata
408 403 574 480 pensantur
596 405 696 461 tenet:
720 397 876 470 Memnon,
900 395 950 460 bie
973 397 1069 473 laser,
1093 397 1156 460 sive
1180 397 1282 470 laeor,
1302 404 1504 483 nuncupatos,

190 499 281 562 latum
311 499 405 563 audit.
440 500 483 562 dd
513 500 664 576 sinistram
695 500 823 564 tentoria
851 505 921 563 sunt
942 497 1069 565 debillis
1091 502 1143 584 qui
1166 498 1224 563 sibi
1248 519 1370 564 ocream
1392 500 1507 571 induit.

188 601 324 665 adstante
346 600 494 678 Victoria,
515 622 592 688 quae
611 602 727 686 galeam
747 608 843 666 tenet:
864 623 880 665 e
899 602 1019 666 stabulo
1036 602 1134 666 lticos
1150 621 1247 686 equos
1262 602 1380 684 iugales
1394 602 1506 666 educit.

188 703 239 792 nd
254 703 388 768 dextram
411 703 486 767 dias
511 707 601 768 armis
625 725 657 768 se
681 707 814 783 instruit,
839 705 887 769 cui
911 705 1010 768 adstat
1031 702 1146 770 Virtus.
1374 706 1383 718 ‘

229 806 316 869 Eclidi
341 807 521 871 delineatam
547 807 575 870 in
601 809 705 872 donat.
729 809 825 872 lnstit.
851 807 969 872 boruss.
989 812 1065 871 l86l
1090 807 1150 872 tab.
1169 808 1245 871 LlV.
1268 809 1338 871 llixi
1363 808 1448 872 lacor
1469 827 1507 872 an

190 908 268 971 lator
290 908 330 973 sit
353 910 484 974 nondum
509 909 624 995 liquido
648 915 803 986 constare,
826 912 924 994 magis
946 918 1046 975 antem
1070 910 1111 973 ibi
1135 909 1218 986 lator
1239 908 1312 973 mibi
1330 910 1508 994 apparuisse

188 1012 217 1074 in
240 1011 351 1075 detrito
376 1012 440 1076 loco
465 1020 494 1076 et
516 1011 661 1096 aerugine
684 1013 831 1089 obducto,
853 1033 912 1077 non
935 1021 1015 1076 recte
1038 1013 1131 1094 igitur
1152 1010 1255 1077 tabula
1276 1032 1312 1076 eo
1336 1015 1401 1075 loco
1424 1012 1505 1075 litte-

188 1133 249 1176 ram
274 1120 296 1183 (
318 1115 438 1179 videtur
460 1122 699 1198 repraesentare.
735 1113 854 1179 Contuli
877 1116 906 1178 in
931 1116 1095 1180 bonorem
1118 1114 1287 1178 laconicum
1316 1113 1417 1196 deep,
1446 1113 1506 1185 ἠώς

191 1213 246 1278 loe.
270 1219 318 1279 cit.
342 1237 370 1298 p.
397 1223 465 1280 t'dtt.
489 1217 521 1280 ln
545 1205 648 1301 pugna
668 1217 794 1280 Achillis
818 1238 885 1281 cum
909 1217 1069 1281 Memnone
1088 1218 1210 1280 Aiacem
1228 1219 1317 1281 etiam
1332 1215 1505 1281 condixisse

189 1337 274 1381 nemo
299 1327 432 1382 veterum
458 1327 580 1402 praeter
603 1322 742 1384 Daretem
766 1327 883 1384 narrat:
908 1327 938 1383 et
960 1322 1061 1384 Aiacis
1084 1320 1205 1404 quidem
1228 1324 1341 1383 tantam
1363 1321 1505 1382 uirtutem

188 1421 216 1481 in
247 1441 282 1484 eo
312 1421 453 1486 conssictu
477 1421 569 1486 luisse
592 1429 624 1486 ut
646 1430 764 1487 scritum
788 1423 958 1486 blemnonis
980 1424 1098 1487 irruens
1120 1422 1289 1505 impetierat
1312 1427 1504 1504 verteratque

187 1522 215 1586 in
245 1525 341 1588 latus:
372 1545 432 1608 qno
455 1527 519 1588 riso
543 1545 610 1589 cum
634 1526 756 1590 barbari
780 1533 994 1599 accurrerent,
1023 1522 1311 1606 Achillesaiugulum
1333 1523 1502 1586 Memnonis

187 1627 332 1690 nudatum
358 1627 444 1691 basta
468 1627 645 1708 transfigens
670 1629 826 1693 victoriam
850 1628 935 1692 Aiaci
959 1627 1135 1712 praeripuit.
1158 1625 1259 1690 Virtus
1282 1626 1374 1716 igitur*
1394 1627 1503 1700 diacis,

186 1726 311 1792 debillis
335 1731 464 1792 victoria
486 1731 513 1793 in
538 1730 662 1793 historia
684 1729 763 1795 illius
785 1749 908 1815 pugnae
932 1728 1161 1806 celebrabatur,
1183 1748 1274 1813 quam
1295 1728 1373 1791 scite
1393 1725 1503 1793 artifex

187 1829 336 1896 Victoriae
365 1840 394 1895 et
427 1831 550 1896 Virtutis
582 1833 688 1896 heroas
711 1833 748 1896 ad
770 1851 903 1917 pugnam
927 1835 1107 1896 armantium
1129 1831 1290 1917 praesagio
1313 1828 1501 1914 significavit

185 1931 284 2010 Quam
306 1953 362 2016 ego
388 1934 532 2000 Virtutem
556 1935 617 1998 dixi
637 1933 668 1998 in
687 1934 789 2000 tabula
812 1935 955 2000 scribitur
977 1939 1159 2008 vertras,
1180 1933 1282 1998 littera
1306 1939 1326 2005 11
1348 1935 1391 1996 sic
1415 1932 1502 1997 teeti·

186 2045 294 2100 nanter
315 2038 442 2122 scripta,
469 2045 500 2101 ut
522 2037 654 2122 speciem
682 2045 707 2107 Ν
734 2037 848 2102 babere
871 2037 1021 2102 videatur.
1051 2037 1154 2101 Monoi
1178 2037 1309 2100 litteram
1335 2041 1355 2107 tt
1378 2037 1422 2099 sic
1444 2035 1501 2100 ali-

186 2141 306 2223 quando
329 2139 514 2204 efformatam
539 2161 556 2205 a
577 2139 730 2204 veteribus
752 2148 785 2205 ut
806 2141 932 2226 obliqua
953 2141 1034 2204 linea
1052 2138 1175 2204 interior
1192 2159 1250 2203 non
1271 2137 1432 2204 demissam
1446 2139 1501 2204 sed

184 2244 273 2306 modo
297 2251 427 2308 erectam
452 2262 530 2308 nune
553 2245 718 2318 iacentem,
743 2244 831 2307 nrotlo
855 2245 944 2308 etiam
968 2250 1114 2308 arrectam
1138 2249 1168 2306 et
1190 2243 1355 2327 repandam
1378 2260 1500 2328 reprae-

185 2353 322 2420 sentent,
346 2347 393 2410 vel
416 2347 446 2410 in
470 2344 574 2410 intima
595 2345 676 2411 linea
698 2347 853 2421 verticuli,
873 2353 905 2411 ut
927 2345 975 2409 bic
996 2344 1027 2410 in
1051 2365 1126 2410 voce
1148 2346 1368 2422 otctosstn.
1393 2344 1497 2410 Varias

186 2449 340 2515 doctorum
371 2448 523 2513 bominum
552 2449 697 2515 lectiones
727 2450 834 2514 addam
863 2449 921 2512 hoc
944 2449 1019 2514 loco.
1053 2449 1128 2515 Nam
1152 2447 1334 2513 Ritscbelius
1357 2449 1501 2532 cogitarit
1581 2437 1589 2448 ’

185 2549 303 2616 Veritus
327 2552 419 2616 luisse
443 2553 588 2637 scriptum
613 2572 666 2636 pro
685 2553 808 2630 Verius,
824 2559 876 2617 aut
890 2552 1016 2618 tortasse
1031 2554 1201 2637 operariam
1217 2551 1348 2616 voluisse
1364 2549 1499 2617 scribere

184 2652 292 2719 Venus.
316 2653 440 2720 Iahnius
454 2654 537 2737 'legit
559 2654 693 2740 Vepitus.
717 2656 934 2720 Mommsenius
956 2658 1084 2741 primurn
1108 2656 1138 2717 in
1162 2654 1266 2720 tabula
1283 2654 1439 2719 contendit
1453 2653 1500 2717 in-

183 2755 276 2822 cisum
304 2755 450 2842 LapituS,
478 2755 588 2822 deinde
616 2755 711 2822 edixit
739 2757 828 2820 buius
859 2756 989 2821 nominis
1019 2758 1144 2822 iormam
1170 2755 1317 2822 lectiones
1340 2754 1499 2822 admittere

184 2859 325 2944 Vepitm,
349 2861 481 2938 balitus,
503 2861 631 2938 Lautus,
649 2859 765 2944 Lapils‚
780 2857 915 2937 Velitus,
930 2859 1054 2925 Ventus.
1069 2859 1190 2934 Moneo,
1206 2879 1244 2924 ne
1260 2879 1349 2945 quem
1367 2859 1499 2945 decipiat

127 2973 136 2982 '
183 2962 317 3037 labnius,
340 2965 390 3046 qui
415 2965 476 3028 alas
502 2963 654 3028 Victoriae
676 2965 811 3028 oculatas
828 2983 895 3027 esse
912 2961 1001 3027 dixit:
1025 2961 1076 3048 qui
1102 2961 1180 3026 enim
1200 2962 1278 3027 oculi
1296 2961 1350 3026 visi
1367 2968 1437 3026 sunt
1452 2962 1495 3026 illi

184 3087 271 3143 esse,
302 3067 387 3148 signa
415 3073 483 3129 sunt
505 3086 540 3130 ex
564 3065 758 3151 parvulorum
781 3064 933 3131 bullarum
956 3063 1204 3135 lerruutiuatiooe
1226 3065 1354 3130 relicta:
1375 3065 1501 3130 Veteres

183 3189 254 3233 vero
283 3169 431 3233 catenulis
459 3189 475 3231 1
502 3168 594 3233 bullis
616 3168 663 3233 bis
687 3167 930 3254 dependentibus
953 3188 1052 3233 arcam
1076 3169 1261 3252 suspendere
1284 3166 1315 3230 in
1338 3187 1423 3232 more
1444 3167 1499 3233 ba-

184 3272 314 3338 buerunt
343 3293 411 3336 cum
442 3272 550 3336 itarent
571 3273 609 3336 ad
634 3271 770 3336 balneas.
804 3271 881 3336 Nota
903 3270 933 3334 in
957 3291 1032 3336 voce
1056 3272 1176 3357 Diesptr
1198 3271 1388 3335 omissionem
1409 3290 1501 3336 roca·

183 3375 254 3439 lium
278 3376 309 3454 i,
333 3397 365 3451 e,
395 3382 466 3439 nota
495 3375 583 3438 etiam
613 3373 767 3456 digamma
796 3381 815 3448 η
849 3376 1055 3458 retrogradum
1083 3394 1136 3458 pro
1163 3372 1266 3438 adllatu
1294 3371 1439 3457 scriptum
1466 3375 1496 3438 in

183 3479 322 3554 aerolas,
346 3487 436 3562 atque
457 3478 586 3543 litteram
611 3482 629 3548 1
652 3479 682 3543 iu
705 3477 763 3544 bac
779 3497 853 3542 voce
870 3487 899 3542 et
916 3480 946 3543 in
963 3479 1061 3544 doiles
1077 3498 1094 3542 a
1111 3476 1211 3541 littera
1227 3484 1251 3547 tl
1267 3496 1325 3541 nou
1342 3477 1496 3558 distingui.

182 3581 341 3646 llircurias
364 3588 408 3646 est
430 3601 484 3667 pro
507 3579 673 3656 Mercurio,
696 3581 791 3647 Mieos
815 3581 964 3665 originem
985 3581 1078 3646 babet
1100 3601 1118 3643 a
1140 3578 1244 3644 dorica
1265 3598 1338 3642 voce
1360 3579 1480 3652 Masada.

185 3789 252 3851 sss.
280 3787 403 3872 (=t50t
419 3787 438 3868 J.
462 3825 499 3840 -
521 3788 605 3852 Cista
627 3789 789 3853 Praeneste
812 3787 930 3853 effossa.

204 3994 406 4066 sarasan>
450 3999 686 4081 nruvnnnn
819 3979 1033 4093 nausearet
1077 3996 1264 4072 areatas
1312 3991 1470 4067 setena

245 4138 401 4206 cassina
447 4138 548 4205 nias
592 4137 695 4206 arses
1123 4135 1236 4206 nosce

621 4328 749 4396 VENVS
878 4328 1048 4398 nltOEdd

224 4509 307 4578 Varis
336 4511 511 4578 alexander
537 4531 651 4577 rainum
682 4510 767 4575 oleae
791 4511 890 4575 terens
914 4518 943 4575 et
964 4510 1126 4576 verbenam
1149 4509 1263 4576 aditum
1285 4509 1324 4576 ad
1348 4509 1493 4580 Helenam

180 4617 254 4701 petit
282 4637 299 4680 a
326 4615 434 4701 puellis
464 4615 580 4679 dteleta
609 4622 637 4678 et
666 4615 768 4678 dlside
799 4633 876 4699 quae
900 4623 971 4680 tunc
993 4613 1069 4679 torte
1092 4615 1206 4680 lautum
1229 4616 1267 4680 ad
1291 4615 1401 4682 iontem
1423 4636 1493 4685 cum
