3650 5342
377 283 410 340 50

532 407 635 493 Equus
658 404 778 471 elirenis
803 406 933 484 saliens;
956 423 1047 490 snpra
1069 410 1196 469 ostrum.

344 551 350 560 ι
492 510 639 574 [tenarius
663 517 825 592 argenteus
849 515 894 572 est
917 509 1055 593 pendens
1077 527 1121 591 gr.
1144 507 1215 590 gall.
1239 507 1369 592 arriplius
1392 514 1517 591 septem.

365 617 415 676 13.
441 614 476 696 l:
493 614 570 697 l3dl
599 619 789 687 lthlllllo
811 612 840 677 iu
865 615 990 697 postico.

531 717 628 802 Caput
649 717 724 782 deae
748 718 837 798 galea
857 714 988 801 phrygia
1010 721 1142 785 tectum,
1165 711 1366 778 odendicibus
1389 711 1513 791 solutis;
1541 731 1621 797 pone
1644 710 1692 775 si·

575 818 677 904 gilium
700 818 827 884 artilicis
850 819 975 883 varium.

535 919 665 986 Victoria
686 929 756 1007 apta
778 920 850 995 alis,¹
867 928 951 986 reste
970 920 1091 996 fluente,
1108 939 1186 1006 pene
1201 920 1291 994 nuda,
1307 938 1423 982 ramum
1442 918 1558 1004 palmae
1573 924 1692 989 tenens,

580 1025 757 1109 pendentem
781 1044 817 1088 ex
840 1023 942 1088 taenia
964 1043 1105 1088 coronam
1130 1005 1289 1087 lerent'em:
1306 1040 1385 1107 pone
1401 1041 1513 1102 graeca
1528 1019 1633 1105 aliqua
1650 1018 1698 1083 lit·

580 1134 644 1192 lero
667 1127 756 1191 modo
779 1124 907 1211 simplex
932 1126 1020 1190 modo
1036 1124 1156 1209 gemina
1171 1125 1359 1205 distinguens
1375 1130 1512 1209 typorum
1529 1143 1697 1188 numerum.

493 1230 645 1296 llenarius
668 1237 829 1313 argenteus
851 1228 989 1316 pendens
1013 1248 1055 1309 gr.
1079 1228 1149 1310 gall.
1174 1227 1306 1311 amplius
1328 1246 1393 1291 sex.

368 1335 417 1396 11.
442 1383 469 1397 ..
488 1337 659 1406 udilo..
683 1331 790 1396 litteris
812 1332 1000 1414 retrogradis
1023 1329 1054 1394 iu
1076 1330 1202 1418 postico.

537 1435 638 1521 Caput
660 1434 806 1520 Apollinis
829 1435 1008 1500 laureatum.

535 1538 595 1603 Ros
616 1538 749 1603 bumana
770 1536 848 1602 facie
871 1558 888 1602 a
910 1537 1126 1623 supervolante
1148 1536 1275 1602 victoria
1298 1543 1472 1601 coronatus.

494 1641 640 1705 Nummus
671 1650 717 1706 est
745 1660 874 1710 aereus,
904 1660 995 1725 quem
1026 1638 1124 1724 reperi
1154 1639 1277 1704 niueum
1300 1639 1330 1703 in
1355 1641 1477 1721 ingente
1504 1658 1695 1703 nummorum

410 1765 520 1810 acervo
549 1752 636 1810 eruto
665 1765 701 1810 ex
731 1743 817 1830 aquis
847 1742 1060 1808 vicarellianis.
1095 1743 1211 1808 Pendet
1239 1744 1302 1807 lere
1325 1763 1369 1825 gr.
1393 1743 1462 1825 gall.
1488 1748 1527 1819 53
1559 1761 1628 1806 narn
1651 1748 1698 1806 est

412 1849 489 1914 male
513 1848 643 1914 babitus.

370 1955 421 2014 25.
449 1951 574 2034 (adde)
599 1953 632 2034 oi
661 1956 848 2022 llollllllo
870 1949 918 2015 vel
947 1954 1111 2024 Rottltuo
1133 1950 1162 2012 in
1186 1950 1315 2033 postica.

538 2055 638 2139 Caput
662 2053 810 2138 hpolllnis
828 2039 1044 2130 diadematum,
1059 2052 1177 2138 cupillis
1195 2053 1276 2116 nodo
1292 2053 1465 2115 constrictis
1481 2053 1520 2117 ad
1536 2051 1698 2116 cervicem.

539 2159 599 2222 leo
623 2159 710 2244 pedis
733 2157 849 2222 sinistri
873 2157 1028 2239 unguibus
1050 2156 1281 2240 pugionemori
1306 2155 1454 2219 insertum
1477 2162 1599 2218 tenens:
1622 2156 1698 2218 salis
1735 2176 1740 2185 ’

581 2262 712 2326 absurde
729 2259 911 2326 describitur
923 2280 940 2324 a
952 2259 1152 2324 Mommsenio
1164 2259 1212 2322 leo
1225 2259 1368 2342 gradiens
1380 2263 1411 2320 et
1423 2258 1531 2342 pedem
1545 2257 1699 2322 attollens.

454 2365 484 2444 d)
507 2363 654 2428 Nummus
677 2383 788 2428 aereus
810 2383 857 2427 er.
884 2366 964 2426 1156
987 2362 1117 2446 repertis
1140 2361 1171 2423 in
1195 2361 1286 2445 aquis
1308 2359 1515 2425 vicarellianis
1532 2359 1592 2424 boc
1612 2365 1698 2446 typo,

414 2487 508 2533 cusos
531 2469 560 2530 in
585 2466 723 2532 lucerino
747 2483 887 2540 nummo,
912 2466 1050 2548 pendens
1073 2485 1118 2546 gr.
1142 2463 1212 2546 gall.
1236 2483 1305 2538 sex,
1328 2461 1431 2526 semis.
1455 2461 1627 2528 Lucerinus
1650 2463 1704 2526 ha-

413 2570 478 2634 buit
499 2571 528 2633 in
553 2570 656 2634 antica
678 2576 770 2656 capul
792 2569 974 2642 barbatum,
1005 2569 1035 2630 in
1059 2566 1177 2651 postica
1199 2563 1394 2650 delphinum,
1418 2567 1509 2649 eique
1531 2564 1701 2630 subiectam

415 2674 545 2738 litteram
572 2680 598 2746 t.

456 2777 485 2857 c)
510 2775 548 2839 lli
572 2777 686 2840 nummi
712 2775 846 2860 pendere
870 2776 970 2839 solent
992 2793 1038 2854 gr.
1063 2773 1132 2856 gall.
1157 2779 1285 2859 sepiem.
1320 2771 1493 2837 Suntvero
1516 2772 1623 2836 erbis
1647 2773 1699 2858 qui

414 2879 536 2965 duplum
561 2879 712 2966 pendent,
736 2898 864 2962 quornm
881 2877 1023 2962 exempla
1038 2874 1137 2940 habeo
1154 2895 1250 2960 penes
1272 2895 1321 2940 me
1344 2876 1404 2940 duo
1428 2877 1555 2940 inventa
1577 2874 1608 2938 in
1633 2873 1700 2938 lbe-

414 3002 505 3047 seuro
528 2982 691 3046 morinensi
713 2983 783 3045 mihi
803 2981 956 3066 descripto
973 2981 1001 3043 in
1019 2979 1214 3062 Ephemerid.
1232 2977 1366 3042 lnstituti
1384 2999 1432 3042 an.
1451 2983 1542 3055 18611,
1560 2981 1700 3040 toa-39:

415 3087 530 3169 aliquot
550 3085 641 3151 etiam
658 3085 719 3148 vidi
734 3087 764 3148 in
781 3083 928 3149 Vaticano
945 3089 975 3146 el
990 3083 1072 3146 alibi.
1097 3081 1210 3146 Similis
1231 3083 1387 3166 ponderis,
1406 3100 1514 3163 nempe
1533 3101 1578 3162 gr.
1598 3085 1649 3158 tl,
1661 3086 1701 3144 dd

413 3195 459 3254 est
479 3189 692 3275 neopolitanus
716 3206 825 3252 aereus
847 3185 944 3251 musei
967 3187 1079 3249 hretini
1103 3205 1171 3250 cum
1195 3184 1361 3270 epigraphe
1395 3191 1697 3256 ΝΕΟΓΙΟΛΙΤΩΝ

415 3300 446 3356 et
468 3293 548 3378 lypis
571 3292 635 3356 his:

540 3395 642 3481 Caput
662 3395 811 3481 Apollinis
834 3393 1019 3468 laureatum,
1043 3412 1122 3476 pone
1148 3398 1178 3464 Ε.

541 3499 599 3564 llos
621 3498 753 3563 humana
776 3497 870 3563 lacie:
894 3516 987 3581 supra
1010 3503 1141 3572 astrum,
1164 3497 1243 3561 inlra
1268 3500 1313 3571 Μ,
1337 3494 1367 3557 in
1390 3507 1504 3576 clergo
1530 3499 1560 3565 Ε.

373 3605 423 3665 26.
449 3607 639 3674 11011111Νο
662 3601 692 3665 in
717 3601 819 3666 antica
842 3606 872 3665 et
895 3602 1022 3684 postica.

540 3705 640 3789 Caput
661 3706 738 3770 deae
761 3705 928 3787 galeatum,
951 3702 1094 3788 capillum
1118 3702 1235 3767 habeus
1255 3702 1334 3766 niodo
1353 3702 1550 3768 constrictum
1569 3701 1607 3765 ad
1626 3720 1699 3765 cer-

584 3811 686 3872 vicem.

542 3912 651 3997 dunila
673 3911 787 3976 lulmini
811 3911 971 3979 insistens,
995 3911 1054 3974 alis
1077 3909 1208 3993 apertis,
1232 3928 1311 3992 pone
1335 3904 1465 3992 gladius.

377 4022 382 4030 '
500 4015 646 4079 Nummus
669 4035 792 4088 aereus,
815 4010 867 4098 qui
885 4014 1016 4096 pendere
1033 4012 1110 4076 solet
1127 4019 1295 4093 grammata
1314 4015 1362 4085 17,
1375 4014 1413 4073 00
1430 4017 1507 4074 teste
1524 4010 1699 4084 Sambonio,

422 4144 436 4178 u
453 4117 646 4182 llecberehes
660 4137 713 4181 sur
731 4117 776 4179 les
792 4116 949 4180 monuaies
966 4117 1004 4179 de
1020 4113 1138 4191 l’ltalie,
1155 4135 1199 4199 pr.
1212 4121 1301 4197 part,
1316 4135 1343 4198 p.
1360 4117 1413 4176 131
1430 4138 1459 4176 n.
1478 4111 1531 4175 Est
1546 4111 1576 4175 in
1593 4133 1699 4176 museo

418 4222 602 4286 berolinensi
626 4228 656 4284 et
679 4218 888 4304 neapolitano,
913 4217 976 4282 vidi
1000 4217 1090 4283 etiam
1115 4217 1331 4293 vindobonae,
1356 4215 1517 4299 habeoque
1536 4235 1574 4279 en
1594 4235 1699 4279 museo

416 4325 589 4390 londinensi
613 4343 683 4388 aere
706 4343 892 4410 expressum.
