3650 5342
1429 270 1463 326 29

154 392 321 468 Calidium,
346 395 400 477 qui
423 393 547 459 florente
571 395 662 459 decio
677 412 830 458 nummum
848 393 1008 478 percussit,
1024 392 1062 458 ab
1078 399 1176 458 aetate
1192 391 1367 476 gracchana
1377 413 1476 480 usque

154 495 188 560 ad
209 495 362 560 sullanam
386 497 526 576 uideatur
548 517 607 562 non
631 497 724 562 luisse
747 504 908 580 usurpatam
931 496 1076 582 quodque
1097 496 1180 562 Accii
1203 497 1396 562 adversarius
1418 497 1476 561 Lu·
1512 539 1521 550 .

153 597 254 675 cilius,
271 601 325 682 qui
341 598 486 682 distingui
503 600 625 665 voluiti
642 600 760 682 longam
777 598 902 684 pluralis
922 600 1037 664 numeri
1058 605 1196 673 ΡιΙΕιιΕι
1218 619 1308 684 quem
1322 600 1476 664 scrihebat

153 719 206 785 per
231 706 264 772 ΕΙ
291 701 330 765 ab
354 702 366 761 t
394 701 519 784 genitivi
550 708 662 775 Ρνξκι
688 720 780 788 quem
803 702 932 787 simplici
954 702 1016 770 iota
1037 702 1129 766 scribi
1149 701 1378 787 praecipiebat,
1402 703 1440 768 de
1462 706 1479 767 l

152 803 398 890 supereminente
421 804 493 869 nihil
517 805 653 870 innuisse
678 804 822 870 tradatur.
857 806 981 884 Accium
1003 805 1076 869 lacit
1100 802 1202 870 Velius
1223 805 1344 889 Longus
1370 806 1420 892 (p.
1443 813 1480 886 t,

151 908 251 990 hhtpl
278 907 483 990 geminantem
507 928 628 994 semper
649 907 832 992 ubicumque
848 907 1026 992 producitur
1039 907 1164 994 syllaba.
1189 909 1299 992 dperte
1313 909 1407 992 igitur
1422 909 1477 976 do-

150 1028 254 1074 eemur
272 1008 341 1074 eliis
361 1029 420 1074 uon
440 1011 534 1076 luisse
551 1011 581 1074 in
601 1031 684 1076 more
703 1017 860 1094 porrectas
877 1030 982 1075 omnes
998 1010 1131 1096 syllabas
1147 1011 1331 1096 ubicumque
1347 1010 1475 1094 geminis

150 1111 308 1178 vocalibus
330 1112 481 1191 seribere;
504 1111 617 1198 quibus
642 1133 712 1178 vero
736 1114 767 1176 iu
790 1113 914 1199 syllabis
937 1114 1125 1199 potissimum
1148 1115 1339 1196 geminarint,
1362 1134 1476 1200 curque

150 1214 223 1279 alias
246 1231 347 1299 acque
370 1217 476 1299 leugas
501 1235 561 1280 non
584 1213 782 1299 geminarint,
799 1216 926 1282 arduum
949 1223 994 1280 est
1016 1213 1149 1282 delinire.
1173 1214 1238 1280 Hoc
1254 1215 1376 1300 quidem
1391 1223 1474 1282 certe

151 1324 278 1403 apparet
301 1337 340 1384 ex
363 1320 580 1396 monumentis,
604 1315 755 1384 neminem
778 1318 949 1403 geminasse
972 1319 1164 1403 ubicumque,
1185 1319 1217 1383 id
1240 1327 1287 1383 est
1310 1319 1473 1396 neminem,

150 1426 294 1504 quantum
318 1421 451 1498 seimus,
474 1423 598 1487 nectum
621 1431 758 1488 secutum
781 1421 895 1507 ubique
919 1423 1144 1504 geminantem:
1168 1421 1198 1485 id
1223 1440 1294 1487 nero
1316 1429 1476 1505 praeterea

149 1526 306 1594 coufirmat
328 1528 412 1613 quod
435 1530 603 1614 posuimus,
627 1531 751 1594 boeium
775 1527 863 1593 huius
880 1526 1114 1612 orthographiae
1129 1534 1284 1593 auctorem
1299 1545 1358 1592 non
1371 1527 1473 1593 tuisse.

716 1763 802 1839 une.
831 1763 905 1838 nnn.
1031 1704 1036 1715 ⁵

342 1959 378 2003 lte
395 1951 407 2004 i
423 1961 503 2011 tunsa
521 1957 740 2010 supereminente
758 1963 930 2006 caeterarum
947 1959 1102 2006 litterarum
1120 1971 1289 2008 masuram.

191 2141 256 2206 Dixi
280 2140 431 2205 Calidium
453 2143 464 2203 t
489 2141 609 2226 longam
639 2162 729 2228 supra
760 2163 931 2208 mensuram
961 2144 1087 2209 aliarum
1116 2144 1280 2208 litterarum
1310 2162 1473 2229 usurpasse

150 2250 247 2308 aetate
269 2244 414 2308 acciano:
437 2245 526 2310 modo
550 2265 663 2328 quaero
687 2265 749 2328 qua
769 2248 887 2312 ratione
911 2248 1133 2312 demonstretur
1155 2247 1229 2311 illud
1252 2246 1314 2311 iota
1331 2266 1401 2312 esse
1421 2267 1480 2312 na-.

149 2353 215 2412 tura
236 2346 378 2429 longum,
402 2348 458 2411 erit
480 2349 560 2412 enim
583 2349 630 2412 cui
655 2349 792 2413 videatur
815 2349 938 2414 obstare
957 2351 1038 2434 quod
1055 2350 1181 2426 calidos,
1198 2351 1277 2414 unde
1293 2348 1474 2415 derivaverit
1503 2347 1514 2370 '

149 2449 216 2532 quis
239 2467 350 2514 nomen
374 2449 526 2526 Calidius,
543 2451 583 2513 sit
598 2459 868 2537 proparoxytouus.
893 2452 955 2515 Sed
971 2460 1051 2517 errat
1067 2455 1118 2538 qui
1135 2473 1172 2518 ex
1186 2450 1347 2517 adiectivis
1363 2455 1475 2530 cnidos,

148 2553 257 2614 cottum
278 2558 366 2637 putat
388 2554 510 2618 nomina
532 2555 654 2640 propria
678 2553 827 2631 Calidius,
849 2556 973 2620 elvidius
991 2561 1022 2619 et
1035 2557 1144 2621 similia
1167 2577 1235 2621 esse
1250 2565 1323 2626 orta.
1347 2557 1473 2622 Constat

150 2655 227 2719 cuim
250 2673 290 2720 ea
311 2675 350 2719 ex
372 2656 508 2738 positivis
531 2657 602 2721 olim
626 2657 717 2722 luisse
744 2659 897 2733 derivata,
927 2667 961 2724 ut
978 2680 1015 2725 ex
1036 2661 1130 2725 livius
1153 2659 1238 2725 lieret
1259 2658 1405 2737 bridius,
1435 2679 1472 2724 ex

149 2756 271 2833 Catius,
303 2755 455 2836 Calidius,
485 2757 567 2844 quod
591 2760 620 2823 ni
644 2760 686 2824 ita
707 2769 806 2838 esset,
830 2770 1010 2849 sequeretur
1032 2763 1155 2826 totidem
1178 2762 1329 2828 adiectivu
1349 2763 1472 2828 uomina

149 2878 214 2924 esse
237 2859 413 2944 quaerenda
437 2862 466 2925 in
492 2861 638 2938 Ovidius,
662 2862 836 2940 Caesidius,
861 2864 1025 2940 Canidius,
1048 2864 1190 2948 Epidius,
1213 2863 1386 2942 Helvidius,
1407 2866 1469 2929 Fu-

148 2963 260 3038 sidius,
285 2961 472 3046 Longidius,
497 2962 674 3030 Ummidius.
707 2965 785 3031 Sunt
808 2987 878 3031 vero
901 2968 1059 3032 notissima
1080 2967 1185 3031 horum
1208 2968 1337 3052 positiva
1358 2965 1471 3047 Ovius,

148 3064 288 3142 Caesius,
311 3065 419 3150 Epius,
444 3066 581 3141 Helvius,
606 3066 731 3144 Fusius,
755 3069 902 3154 Longius,
925 3069 1061 3134 Ummius
1083 3075 1113 3134 et
1135 3069 1259 3136 similia:
1282 3071 1374 3154 igitur
1388 3071 1471 3136 simi·

149 3168 215 3234 liter
230 3176 352 3254 oportet
366 3176 400 3234 ut
416 3169 567 3248 Calidius,
583 3171 706 3236 Avidius
721 3173 865 3237 derivant.
889 3171 984 3239 Cuius
998 3193 1070 3238 vero
1086 3192 1247 3239 mensurae
1262 3175 1274 3235 i
1289 3174 1319 3238 in
1335 3172 1472 3240 Calidius

148 3279 177 3336 et
196 3271 265 3336 aliis
287 3271 460 3338 nominihus
484 3272 572 3338 huius
595 3274 707 3340 tonnae
730 3275 852 3341 habitus
871 3277 926 3354 sit,
945 3277 1081 3341 declarat
1096 3296 1167 3341 usus
1180 3277 1192 3340 i
1206 3279 1469 3362 supereminentis,

147 3393 236 3458 quem
264 3377 386 3460 longam
415 3375 562 3461 syllabam
592 3376 764 3460 significare
794 3386 876 3443 tenet
905 3380 995 3444 etiam
1016 3364 1232 3446 Mommsenius
1256 3379 1354 3464 (Hist.
1378 3380 1416 3445 de
1439 3381 1471 3446 la

148 3496 246 3543 monn.
269 3497 345 3542 rom.
368 3477 416 3544 ed.
439 3478 562 3558 Blacas,
585 3500 612 3543 v.
638 3479 682 3557 ll,
704 3501 732 3565 p.
758 3485 816 3546 toa
832 3484 852 3564 l.

188 3581 318 3660 Primus,
341 3582 425 3667 quod
447 3582 569 3659 scimus,
593 3591 663 3669 post
684 3584 833 3650 Calidium
860 3587 871 3645 t
897 3587 1144 3669 supereminente
1169 3605 1244 3650 usus
1274 3593 1320 3650 est
1340 3586 1373 3650 L.
1397 3586 1466 3651 Piso

148 3687 175 3749 iu
207 3685 332 3750 denario
361 3704 434 3760 suo,
463 3705 552 3768 quem
576 3687 659 3751 ondit
682 3695 751 3770 post
773 3707 883 3752 annium
908 3693 983 3767 666,
1015 3688 1104 3754 euius
1131 3688 1318 3775 epigraphen
1349 3681 1464 3762 FRVGl

148 3789 239 3866 vidit,
267 3787 444 3872 ediditque,
477 3789 533 3852 nisi
558 3789 650 3854 iulsus
675 3797 740 3864 est,
765 3791 957 3856 Cavedonius
987 3791 1084 3874 (Bull.
1108 3793 1155 3856 ed.
1179 3792 1346 3857 Minerninii
1372 3797 1468 3866 teet,

77 3921 85 3934 ·
149 3891 270 3973 phil:
294 3889 405 3954 deinde
430 3900 614 3977 usurparunt
635 3892 748 3958 Romae
771 3896 869 3958 vicani
893 3895 967 3970 vici,
991 3897 1040 3959 oui
1064 3913 1171 3959 nomen
1195 3915 1213 3959 a
1235 3895 1304 3960 taen
1328 3895 1466 3961 Fundani

147 4011 175 4055 a.
199 3996 358 4068 utu-oth,
383 4013 439 4058 nec
463 4002 563 4059 tamen
586 3995 614 4059 in
638 3996 776 4060 omnibus
794 3998 806 4057 i
823 3995 922 4079 longis
939 3997 993 4060 sed
1012 4003 1120 4082 quater
1136 4003 1269 4073 tantum,
1291 3997 1469 4064 scilicetbis

147 4097 175 4158 in
200 4085 348 4170 falci,
378 4096 473 4161 semel
497 4098 526 4161 in
554 4085 802 4175 ῠΙΠἈΤΟιΙ,
833 4101 927 4164 semel
949 4098 1021 4164 item
1043 4099 1074 4164 in
1099 4089 1211 4173 VlCVS
1236 4107 1338 4172 [ΑΕΙ.
1371 4100 1468 4166 Huius

147 4199 234 4261 etiam
256 4199 365 4263 aetatis
389 4198 435 4262 vel
459 4200 548 4285 paulo
571 4201 729 4266 anterioris
752 4203 888 4268 teruntur
906 4221 974 4267 esse
990 4203 1115 4269 vascula
1129 4204 1372 4280 sancaesariana‚
1388 4223 1466 4288 quae

70 4367 76 4376 ,
148 4307 176 4363 et
203 4301 269 4385 ipsa
297 4301 447 4386 praebent
475 4303 618 4368 nonnulla
641 4305 709 4370 novi
732 4306 824 4369 moris
853 4304 993 4391 exempla
1022 4305 1052 4369 in
1086 4295 1467 4395 οΕιιζΙΝΑ,.ιιΙΑΝΑ-

151 4407 285 4475 unuin,
308 4409 450 4475 ιιιετ.
468 4393 615 4478 tonsus
634 4413 857 4481 novellet-
883 4410 1014 4492 itemque
1034 4410 1063 4474 n
1086 4414 1331 4495 Q·<ht<¹t¹5
1356 4414 1464 4480 Α·ῠ·

149 4511 198 4574 Vll
231 4493 316 4579 lDVS
349 4513 454 4578 NOV·
489 4507 567 4574 Huic
598 4509 713 4574 iuuabit
744 4519 876 4576 attexere
906 4512 1063 4576 albensem
1093 4512 1211 4577 titulum
1237 4531 1326 4596 quern
1351 4519 1467 4600 ponunt

151 4611 397 4683 HERENNlElS
422 4609 587 4698 (florencii)
613 4618 672 4676 tres
696 4616 747 4700 qui
770 4603 996 4690 SVPlNATES
1019 4615 1170 4681 dicuntur.
