3650 5342
1411 256 1462 315 220

147 378 361 464 pluribusque.
384 378 499 445 Pontes
519 398 647 455 omnes,
667 380 712 444 ait
733 377 903 465 Popillius,
925 378 1080 444 milliarios
1108 377 1346 463 tabellariosque
1375 382 1473 465 posui.

148 480 329 561 Quaesitum
350 492 398 548 est
419 501 499 569 quae
521 490 604 549 esset
625 482 716 547 buius
737 483 797 547 loci
824 483 987 547 saumatis.
1016 480 1054 546 Et
1086 479 1216 549 Orellius
1249 481 1372 567 quidem
1406 492 1475 569 post

150 583 325 663 Gruterum,
346 605 533 673 quamquam
551 584 763 665 subdubitans,
779 584 907 651 adirmat
924 592 1035 663 tamem
1054 585 1109 653 bos
1124 604 1193 650 esse
1208 591 1316 671 pontes
1332 584 1476 651 stabulis

149 688 215 753 sire
237 687 395 755 asseribus
416 696 549 755 structos
571 688 654 753 mille
675 689 787 775 pedum
816 688 1016 772 lungitudine.
1047 688 1246 754 llommsenio
1278 689 1352 755 baec
1385 690 1476 755 rerba

149 790 296 857 millesies
309 791 538 878 tabulariosque
549 792 683 879 poseisei
696 793 763 858 visa
774 799 845 857 sunt
858 811 933 871 rem,
950 811 1057 857 novam
1071 799 1154 867 tunc,
1169 791 1304 856 indicare
1321 800 1352 857 et
1369 811 1475 859 recens

151 901 318 980 repertam,
343 915 451 981 nempe
474 895 602 961 laruam
624 894 759 981 lapidum
775 894 969 961 miliariorum
985 896 1216 960 columnarium:
1234 913 1302 959 nam
1319 894 1476 961 tabellaria

151 995 207 1059 luit
229 998 444 1071 uetustissima,
467 996 691 1083 columnisque,
714 1000 764 1073 ait,
788 997 978 1083 quibuslibet
1000 996 1159 1084 antiquior.
1183 1000 1222 1061 ut
1243 1016 1322 1082 quae
1344 998 1382 1062 de
1398 1018 1476 1063 novo

153 1101 276 1165 inserto
296 1102 412 1169 toruae
433 1102 642 1169 columnariae
664 1100 738 1167 dicit
759 1100 897 1170 llomms.
911 1103 1021 1169 evertit
1035 1100 1089 1169 illa
1104 1120 1196 1187 quam
1213 1119 1308 1187 nuper
1323 1100 1476 1187 publicavi

151 1201 296 1267 columna
316 1204 356 1270 ab
378 1203 530 1270 aedilibus
550 1203 650 1289 plebis
672 1206 703 1269 in
726 1205 775 1268 via
795 1206 920 1275 ostiensi
943 1204 1187 1291 positatarum,
1204 1202 1369 1289 absqueid
1386 1212 1477 1281 esset,

150 1306 315 1389 quomodo,
333 1308 359 1371 si
374 1307 472 1373 lenna
486 1306 644 1373 tabellaria
661 1306 719 1371 luit
733 1306 941 1375 vetustissima
956 1315 986 1371 et
1001 1308 1100 1381 unica,
1116 1304 1215 1393 potuit
1229 1304 1374 1391 Popillius
1389 1308 1476 1372 simul

152 1409 191 1473 de
213 1427 252 1473 ce
265 1408 445 1495 praedicare
461 1409 545 1496 quod
558 1411 597 1474 de
613 1408 802 1487 columnerio
817 1417 888 1474 tuuc
905 1430 1013 1475 recens
1032 1414 1176 1497 reperta‘l
1194 1410 1239 1474 dn
1256 1409 1331 1495 quia
1349 1418 1477 1495 utraque

153 1513 240 1575 simul
265 1532 338 1578 usus
360 1518 428 1577 est?
449 1532 522 1595 ergo
544 1510 571 1576 is
594 1531 673 1578 nova
692 1512 749 1579 bac
768 1511 972 1578 commodiore
989 1519 1110 1598 reperta
1125 1522 1256 1578 veterem
1274 1533 1331 1577 uon
1345 1513 1479 1577 dimisit‘.t

153 1620 312 1701 utramque
334 1634 431 1701 aeque
453 1634 488 1681 se
510 1614 656 1698 gloriatur
678 1614 878 1680 adhibuisset
901 1614 965 1681 Hoc
990 1634 1089 1701 neque
1120 1612 1350 1680 Mommseuium
1380 1617 1477 1701 ipsum

154 1716 231 1781 velle
253 1716 401 1783 existimo.
425 1716 565 1804 Denique
588 1737 641 1783 eur
664 1737 723 1782 non
746 1718 847 1803 potius
870 1717 1015 1803 Popillius
1039 1718 1160 1803 scripsit
1182 1719 1338 1797 columnas
1367 1726 1398 1783 et
1429 1727 1477 1782 te-

153 1818 274 1885 belias‘t
297 1840 366 1886 nam
391 1820 522 1885 milliarii
544 1840 653 1886 nomen
676 1841 731 1887 cur
753 1820 959 1886 columnariae
990 1822 1104 1885 lormac
1136 1821 1283 1903 dederit,
1314 1826 1436 1908 easque'
1461 1842 1479 1887 a

153 1922 316 1989 tabellaria
336 1922 394 1989 bae
417 1908 533 1989 ratione
556 1919 736 1999 distinxerit,
760 1945 828 1989 cunr
852 1925 974 2009 utrique
998 1931 1070 2009 apte
1093 1923 1264 2003 conveniat,
1287 1932 1319 1989 ut
1341 1924 1480 1990 milliaria

153 2024 214 2090 siut
234 2026 396 2092 columnae
419 2035 450 2092 et
466 2018 622 2106 'tabellae,
645 2046 705 2091 non
734 2025 946 2109 intellegimus.
970 2026 1133 2093 Praeterea
1155 2046 1261 2105 voces,
1286 2025 1478 2103 tabellarius,

154 2126 323 2215 milliarios,
339 2129 396 2194 boc
411 2149 503 2195 seusu
518 2128 611 2193 latine
626 2148 792 2215 numquam
808 2136 879 2193 sunt
895 2136 1067 2215 usurpatae.
1085 2128 1205 2209 Quibus
1224 2130 1261 2193 de
1277 2128 1378 2197 causis
1390 2130 1479 2195 eliam

154 2228 317 2297 ineundam
340 2250 407 2297 esse
429 2230 578 2297 rationem
600 2238 684 2317 putu,
707 2252 768 2317 qua
789 2230 919 2297 milliarii
944 2239 1051 2316 pontes
1075 2238 1105 2296 et
1128 2231 1274 2296 tabellarii
1293 2240 1411 2299 constet
1428 2236 1481 2317 qui

153 2335 223 2399 sint.
247 2332 312 2417 ligo
334 2337 415 2401 enim
435 2334 566 2401 arbitror
587 2336 713 2401 latiumn
736 2343 891 2399 auctorem
916 2334 992 2400 tituli
1017 2342 1124 2419 poetes
1147 2334 1201 2399 bns
1224 2334 1357 2400 voluisse
1380 2336 1481 2401 dicere

155 2437 312 2504 milliarios
335 2438 571 2526 tabellariosque
592 2458 612 2503 a
634 2436 764 2523 Popillio
786 2439 902 2514 iactos,
926 2458 984 2502 non
1008 2446 1133 2526 propter
1154 2457 1220 2504 eam
1249 2457 1393 2513 causam,
1421 2458 1481 2525 qua

154 2540 303 2607 Gruterus
326 2540 383 2607 sibi
406 2543 557 2627 persuasit
578 2550 687 2628 pontes
711 2541 779 2607 olim
803 2541 923 2625 ligneos
946 2543 998 2625 qui
1022 2542 1112 2606 lossis
1146 2549 1176 2606 et
1208 2542 1279 2606 rivis
1308 2542 1483 2608 iniiciuntur

155 2647 186 2709 in
208 2642 267 2712 viis
287 2644 423 2710 extitisse
445 2642 580 2731 publicis
601 2642 684 2710 mille
707 2645 817 2729 pedum
840 2642 1051 2726 longitudine,
1074 2644 1124 2731 qui
1150 2662 1205 2709 nee
1239 2643 1390 2709 tabellarii
1422 2644 1481 2711 dici

154 2755 316 2833 propterea
338 2753 512 2833 potuerunt,
534 2766 594 2813 non
617 2749 698 2812 enim
721 2745 851 2822 tabellis,
875 2754 914 2811 at·
929 2746 1076 2818 trabibus,
1099 2746 1249 2821 sublieiis,
1264 2746 1374 2812 tabulis
1389 2755 1482 2832 atque

155 2850 312 2917 asseribus
335 2852 464 2917 luissent
484 2849 677 2926 constructi,
699 2849 754 2915 sed
778 2852 851 2934 quia
872 2848 1006 2915 millibus
1041 2868 1185 2933 passuum
1210 2850 1403 2915 numerandis
1425 2870 1480 2914 co-

157 2956 284 3027 lnmnas‚
307 2955 489 3021 stationibus
509 2953 783 3039 mansionibusque
805 2952 976 3017 indicandis
992 2951 1132 3029 tabellas,
1147 2972 1208 3038 quo
1227 2972 1391 3035 exgenere
1407 2953 1482 3019 haee
1585 2940 1588 2947 ’

157 3058 279 3145 pellaea
297 3077 367 3124 essa
388 3058 542 3124 censenda
563 3064 631 3132 est,
654 3058 778 3143 posuit,
800 3061 831 3119 et
852 3056 925 3140 quia
946 3062 1077 3141 pontes,
1107 3074 1216 3141 nempe
1249 3056 1421 3145 crepidines
1453 3064 1483 3121 et

156 3162 331 3246 margines,
353 3159 503 3229 columnis
526 3169 558 3226 et
578 3161 696 3227 tabellis
718 3158 926 3226 sustentandis
950 3158 1097 3237 subiecit;
1121 3178 1159 3223 ea
1180 3157 1218 3223 de
1248 3178 1343 3224 causa
1375 3164 1483 3243 pontes

156 3284 190 3331 se
212 3264 334 3341 lesisse,
358 3272 440 3331 recle
463 3264 620 3331 milliarios
640 3263 878 3349 tabellariosque
902 3264 931 3327 in
956 3281 992 3327 ca
1015 3264 1063 3327 via
1087 3281 1208 3328 narrare
1231 3262 1360 3327 ridetur.

201 3368 232 3431 V.
256 3370 396 3454 almagis
417 3368 478 3451 legi
501 3371 707 3441 etnettott
731 3386 821 3451 quarn
848 3370 1041 3438 PRAETOR
1066 3372 1193 3431 testatur
1217 3365 1418 3431 Ritscbelius:
1443 3366 1480 3429 ad

157 3471 356 3539 dubitandum
378 3490 470 3558 quam
493 3471 531 3536 ad
554 3469 759 3543 credendum,
784 3469 930 3554 inspectis
953 3470 1071 3554 ectypis
1101 3469 1289 3544 chartaceis,
1318 3468 1483 3555 proclivior

158 3584 205 3641 est
226 3574 452 3641 Mommsenius.
525 3602 529 3607 ⁴

158 3780 229 3842 905.
254 3776 383 3860 (zabul.
407 3772 498 3837 -ln
522 3790 601 3858 pago
622 3772 650 3836 S.
675 3772 791 3854 lugeto
813 3771 843 3835 iu
867 3769 983 3836 Formis
1007 3771 1072 3855 agri
1096 3773 1236 3858 capuani.

1073 3926 1103 3977 ln
1124 3924 1228 3979 vertice.

283 4140 341 4206 ΑΙΙΙ
366 4137 612 4209 <tuturus-c
642 4135 791 4207 idol<
1051 4026 1238 4198 m

285 4238 790 4309 numurus-neceas
1060 4318 1068 4350 x
1160 4145 1246 4423 e)

397 4342 678 4412 urrunnu
1071 4342 1171 4433 k..

197 4510 502 4599 Descripsilleapoli
524 4512 554 4574 in
577 4510 682 4575 llnseo
704 4516 735 4573 et
757 4508 863 4573 charta
883 4507 1029 4593 expressi,
1053 4516 1239 4593 rogatusque
1253 4509 1300 4572 ab
1326 4502 1482 4574 llenneuio

155 4613 311 4683 ltitscbelii
334 4612 440 4698 gralia,
462 4613 502 4678 ad
524 4632 614 4698 quem
636 4632 655 4678 a
674 4610 851 4677 lliuervinio
867 4610 1038 4698 exemplum
1056 4614 1179 4679 missum
1196 4611 1320 4676 allatum
1337 4626 1397 4676 uon
1415 4611 1481 4691 luit,
