3650 5342
402 353 597 400 beari-urum
615 355 687 400 aerei
708 353 815 401 nummi
834 353 1030 401 sxrn‘nriem
1049 353 1190 408 necui.

526 459 573 514 qui
591 462 720 505 haetenus
738 457 931 509 innotuerunt.
949 457 977 504 tri
994 463 1067 504 unt.

223 661 258 742 u)
279 666 298 733 t
320 659 351 726 iu
376 663 502 745 postica.

305 763 406 849 Caput
428 762 569 849 Neptuni.

305 865 439 950 Delphis.
745 931 747 936 ,

268 969 413 1033 Nummus
435 987 635 1053 repercussus
659 970 739 1055 typis
762 971 982 1056 superadditis,
1006 971 1035 1032 in
1059 971 1159 1033 antica
1181 970 1281 1054 eapite
1304 966 1465 1055 Apollinis,

181 1071 212 1133 in
243 1073 359 1156 postica
384 1073 471 1136 leone
494 1071 651 1154 gradiente
675 1074 711 1138 ad
735 1073 815 1138 dext.
839 1073 1004 1158 epigraphe
1026 1093 1142 1136 rmnuno
1165 1091 1225 1136 non
1247 1077 1383 1137 exstante
1405 1071 1462 1136 de-

180 1173 261 1239 iectu
284 1173 405 1238 metalli.

222 1277 254 1346 bi
279 1280 298 1347 t
322 1277 353 1340 in
375 1295 489 1362 energo
512 1280 656 1364 posticae.

309 1378 409 1466 Caput
430 1380 580 1455 iuvenile,
605 1380 729 1446 dorente
753 1383 840 1446 maia.

309 1482 387 1558 Leo,
411 1503 504 1568 supra
526 1485 691 1552 caduceus.

269 1585 321 1650 Est
344 1589 426 1670 apud
449 1587 618 1653 baseiieem
641 1589 860 1655 biccariensem
884 1588 914 1653 in
938 1588 1056 1675 bpuiia.

225 1688 256 1772 e)
278 1695 446 1763 uoutuet
471 1688 501 1753 in
525 1691 652 1777 postica.

310 1791 408 1877 Caput
429 1791 573 1858 Herculis
596 1794 741 1860 imberbis
764 1795 859 1881 spolie
884 1794 981 1859 teonis
1005 1802 1117 1860 teettun
1140 1796 1177 1865 ed
1198 1795 1277 1859 dext.

313 1895 407 1962 decus
431 1903 461 1961 et
483 1897 577 1962 clara.

271 1995 338 2060 Vidi
363 1995 392 2061 in
417 2018 522 2064 museo
546 2000 739 2084 neapolitano
762 2007 792 2064 et
814 2008 924 2066 stanno
946 2001 1091 2085 expressi.

389 2225 477 2272 series
494 2235 673 2274 »summersam
690 2217 772 2282 quarn
791 2227 915 2274 dunfini
934 2228 1066 2276 teriemnt
1085 2231 1151 2275 beer·
1168 2237 1217 2276 est.

225 2409 258 2488 d)
282 2408 417 2492 ΜΘΗ
443 2415 613 2481 roucent
638 2411 665 2473 iu
692 2411 817 2494 postica.

310 2509 409 2594 Caput
430 2510 584 2576 Minervae
607 2512 775 2593 galeatum,
799 2520 870 2576 nota
892 2513 1082 2596 quincuncis.

311 2613 388 2676 Rota
409 2614 562 2680 radiorum
586 2623 664 2680 oeto.

273 2715 324 2778 Est
351 2717 379 2779 in
407 2715 606 2781 Kireberiano
634 2725 662 2781 et
691 2721 824 2803 pendere
853 2722 931 2785 solet
957 2718 1019 2783 tere
1049 2718 1251 2792 semunciam,
1273 2717 1468 2812 quamobrem

88 2899 92 2908 Ι
186 2818 281 2882 series
304 2818 464 2884 referende
486 2826 532 2883 est
554 2820 591 2884 ad
615 2840 713 2886 assem
738 2823 902 2888 unciateur:
926 2823 1038 2907 pendet
1059 2841 1103 2904 gr.
1130 2824 1179 2895 tt,
1191 2827 1241 2884 dd.

226 2923 254 2982 et
280 2926 446 2993 eoueeni
473 2923 502 2986 in
524 2925 650 3008 postica.

311 3025 408 3111 Caput
431 3024 568 3090 Herculis
591 3027 734 3092 imberbis
758 3029 855 3114 spotia
879 3027 975 3092 teonis
999 3032 1125 3099 tectum,
1149 3033 1220 3091 nota
1242 3026 1368 3092 trientis.

311 3127 417 3203 Clara,
442 3127 598 3211 pharetra,
622 3149 726 3195 arcus:
750 3139 820 3196 uota
843 3130 970 3196 trientis.

272 3229 324 3294 Est
347 3233 375 3294 in
399 3231 612 3302 Kircberianu.
637 3235 807 3318 pendetque
831 3255 874 3316 gr.
902 3238 998 3312 t0,3;
1026 3237 1136 3309 tt,00.

226 3335 257 3414 t}
283 3340 448 3407 totidem
474 3337 507 3399 in'
527 3337 652 3420 postica.

311 3438 411 3521 Caput
434 3437 581 3522 Neptuni,
606 3447 675 3504 notu
698 3442 884 3526 quadrantis.

313 3538 459 3624 Delphin,
482 3561 574 3624 supra
598 3562 687 3626 quern
711 3544 822 3607 ferrum
847 3541 985 3607 tridentis
1009 3542 1129 3606 marini.

264 3642 321 3705 usi
342 3643 371 3706 in
396 3641 596 3709 Kircberiauo
620 3645 713 3710 tribus
736 3646 895 3732 exemptis,
920 3647 1092 3730 pendetque
1116 3652 1144 3718 8,
1158 3649 1213 3720 bu,
1236 3650 1264 3716 9.
1278 3648 1334 3719 ⁰⁰3
1356 3649 1386 3714 e.
1400 3645 1449 3709 sd.

230 3746 262 3822 pt
286 3751 449 3817 [ovOERt
474 3747 503 3810 in
530 3748 655 3832 postica.

313 3847 410 3934 Caput
432 3849 576 3914 muliebre
600 3850 766 3917 laureatum
791 3853 940 3916 vetatutn:
966 3860 1036 3917 uota
1059 3853 1217 3916 sextantis.

310 3951 452 4016 Conchae
476 3953 600 4018 striatae
625 3953 717 4018 iacies
741 3955 881 4018 exterior.
1035 4025 1041 4038 .

276 4053 365 4118 iidem
390 4053 451 4138 typi
475 4054 598 4119 suntin
621 4062 759 4120 sextante
782 4054 978 4121 Larinatium.

276 4156 333 4235 Qui
357 4157 452 4220 estin
476 4155 678 4224 Kireberiann
702 4161 811 4243 pendet
835 4179 878 4244 gr.
905 4162 995 4226 6.60.

233 4259 266 4340 b]
289 4265 454 4331 [ovst'ttt
481 4261 510 4323 in
536 4263 660 4344 postica.

309 4361 403 4447 Caput
416 4363 560 4449 upottints
574 4366 746 4430 laureatum
760 4368 868 4450 capitio
881 4367 918 4430 ad
931 4367 1079 4432 cervicem
1092 4367 1254 4433 submisso:
1269 4374 1341 4432 nota
1354 4367 1472 4436 unciae.

321 4466 414 4532 Rana.
1130 4482 1137 4494 ’

275 4566 305 4630 in
328 4565 541 4646 Kireberiano,
565 4571 676 4656 pendet
698 4591 742 4654 gr.
769 4577 797 4650 3,
810 4575 866 4649 70,
890 4575 970 4659 apud
994 4592 1042 4637 me
1065 4592 1112 4656 gr.
1136 4575 1225 4652 autu.
