<?xml version="1.0" encoding="UTF-8"?>
<!DOCTYPE html PUBLIC "-//W3C//DTD XHTML 1.0 Transitional//EN"
    "http://www.w3.org/TR/xhtml1/DTD/xhtml1-transitional.dtd">
<html xmlns="http://www.w3.org/1999/xhtml" xml:lang="en" lang="en">
 <head>
  <title>
</title>
<meta http-equiv="Content-Type" content="text/html;charset=utf-8" />
  <meta name='ocr-system' content='tesseract 3.04.00' />
  <meta name='ocr-capabilities' content='ocr_page ocr_carea ocr_par ocr_line ocrx_word'/>
</head>
<body>
  <div class='ocr_page' id='page_1' title='image "./syllogeinscript00garrgoog_0155.png"; bbox 0 0 3650 5342; ppageno 0'>
   <div class='ocr_carea' id='block_1_1' title="bbox 1307 289 1431 345">
    <p class='ocr_par' dir='ltr' id='par_1_1' title="bbox 1307 289 1431 345">
     <span class='ocr_line' id='line_1_1' title="bbox 1307 289 1431 345; baseline 0.032 -4"><span class='ocrx_word' id='word_1_1' title='bbox 1307 332 1310 341; x_wconf 87' lang='lat'><em>.</em></span> <span class='ocrx_word' id='word_1_2' title='bbox 1383 289 1431 345; x_wconf 78' lang='lat' dir='ltr'><strong>tlt</strong></span> 
     </span>
    </p>
   </div>
   <div class='ocr_carea' id='block_1_2' title="bbox 128 410 1552 1115">
    <p class='ocr_par' dir='ltr' id='par_1_2' title="bbox 128 410 1552 1115">
     <span class='ocr_line' id='line_1_2' title="bbox 133 410 1444 498; baseline 0.002 -22"><span class='ocrx_word' id='word_1_3' title='bbox 133 413 227 496; x_wconf 81' lang='lat' dir='ltr'><strong>(Dies.</strong></span> <span class='ocrx_word' id='word_1_4' title='bbox 240 413 278 478; x_wconf 90' lang='lat' dir='ltr'><strong>de</strong></span> <span class='ocrx_word' id='word_1_5' title='bbox 291 411 373 478; x_wconf 85' lang='lat' dir='ltr'><strong>fiotil.</strong></span> <span class='ocrx_word' id='word_1_6' title='bbox 386 415 474 478; x_wconf 88' lang='lat' dir='ltr'><strong>litter.</strong></span> <span class='ocrx_word' id='word_1_7' title='bbox 488 435 516 498; x_wconf 87' lang='lat' dir='ltr'><strong>p.</strong></span> <span class='ocrx_word' id='word_1_8' title='bbox 531 414 587 498; x_wconf 78' lang='lat' dir='ltr'><strong>lt]</strong></span> <span class='ocrx_word' id='word_1_9' title='bbox 605 413 714 478; x_wconf 90' lang='lat' dir='ltr'><strong>deinde</strong></span> <span class='ocrx_word' id='word_1_10' title='bbox 728 410 851 478; x_wconf 82' lang='lat' dir='ltr'>Iahnius</span> <span class='ocrx_word' id='word_1_11' title='bbox 869 411 909 496; x_wconf 87' lang='lat' dir='ltr'><strong>(in</strong></span> <span class='ocrx_word' id='word_1_12' title='bbox 924 430 1027 497; x_wconf 88' lang='lat' dir='ltr'><strong>opusc.</strong></span> <span class='ocrx_word' id='word_1_13' title='bbox 1041 411 1090 476; x_wconf 86' lang='lat' dir='ltr'><strong>die</strong></span> <span class='ocrx_word' id='word_1_14' title='bbox 1103 411 1241 476; x_wconf 85' lang='lat' dir='ltr'><strong>Ficoron.</strong></span> <span class='ocrx_word' id='word_1_15' title='bbox 1255 410 1328 477; x_wconf 84' lang='lat' dir='ltr'><strong>Gist.</strong></span> <span class='ocrx_word' id='word_1_16' title='bbox 1338 434 1369 498; x_wconf 89' lang='lat' dir='ltr'><strong>p.</strong></span> <span class='ocrx_word' id='word_1_17' title='bbox 1381 414 1444 497; x_wconf 76' lang='grc'><strong>64].</strong></span> 
     </span>
     <span class='ocr_line' id='line_1_3' title="bbox 130 513 1444 601; baseline 0.002 -21"><span class='ocrx_word' id='word_1_18' title='bbox 130 516 216 581; x_wconf 90' lang='lat' dir='ltr'><strong>huius</strong></span> <span class='ocrx_word' id='word_1_19' title='bbox 239 513 379 582; x_wconf 86' lang='lat' dir='ltr'><strong>lectionis</strong></span> <span class='ocrx_word' id='word_1_20' title='bbox 404 517 487 599; x_wconf 86' lang='lat' dir='ltr'><strong>(narn</strong></span> <span class='ocrx_word' id='word_1_21' title='bbox 511 524 601 583; x_wconf 84' lang='lat' dir='ltr'><strong>antea</strong></span> <span class='ocrx_word' id='word_1_22' title='bbox 621 517 781 598; x_wconf 77' lang='lat' dir='ltr'><strong>legebatur</strong></span> <span class='ocrx_word' id='word_1_23' title='bbox 804 515 837 580; x_wconf 87' lang='lat' dir='ltr'><strong>C.</strong></span> <span class='ocrx_word' id='word_1_24' title='bbox 861 515 1028 601; x_wconf 85' lang='lat' dir='ltr'><strong>Pomponio</strong></span> <span class='ocrx_word' id='word_1_25' title='bbox 1046 517 1126 579; x_wconf 82' lang='lat' dir='ltr'><strong>Virio</strong></span> <span class='ocrx_word' id='word_1_26' title='bbox 1142 515 1217 598; x_wconf 78' lang='lat' dir='ltr'><strong>Cos]</strong></span> <span class='ocrx_word' id='word_1_27' title='bbox 1240 515 1372 580; x_wconf 88' lang='lat' dir='ltr'><strong>Brunnio</strong></span> <span class='ocrx_word' id='word_1_28' title='bbox 1388 537 1444 582; x_wconf 87' lang='lat' dir='ltr'><strong>suo</strong></span> 
     </span>
     <span class='ocr_line' id='line_1_4' title="bbox 130 618 1443 704; baseline 0.002 -22"><span class='ocrx_word' id='word_1_29' title='bbox 130 618 272 684; x_wconf 77' lang='lat' dir='ltr'><strong>honorem</strong></span> <span class='ocrx_word' id='word_1_30' title='bbox 289 620 453 695; x_wconf 85' lang='lat' dir='ltr'><strong>dederunt,</strong></span> <span class='ocrx_word' id='word_1_31' title='bbox 472 639 528 702; x_wconf 84' lang='lat' dir='ltr'><strong>ego</strong></span> <span class='ocrx_word' id='word_1_32' title='bbox 545 619 680 684; x_wconf 84' lang='lat' dir='ltr'><strong>Marohio</strong></span> <span class='ocrx_word' id='word_1_33' title='bbox 696 619 854 684; x_wconf 84' lang='lat' dir='ltr'><strong>vindicavi.</strong></span> <span class='ocrx_word' id='word_1_34' title='bbox 877 619 1002 683; x_wconf 87' lang='lat' dir='ltr'><strong>lineola</strong></span> <span class='ocrx_word' id='word_1_35' title='bbox 1015 626 1085 704; x_wconf 90' lang='lat' dir='ltr'><strong>post</strong></span> <span class='ocrx_word' id='word_1_36' title='bbox 1102 625 1122 691; x_wconf 77' lang='lat' dir='ltr'>R</span> <span class='ocrx_word' id='word_1_37' title='bbox 1138 620 1203 698; x_wconf 85' lang='lat' dir='ltr'><strong>vise</strong></span> <span class='ocrx_word' id='word_1_38' title='bbox 1219 627 1266 682; x_wconf 87' lang='lat' dir='ltr'><strong>est</strong></span> <span class='ocrx_word' id='word_1_39' title='bbox 1279 619 1443 684; x_wconf 81' lang='lat' dir='ltr'><strong>llitsohelio</strong></span> 
     </span>
     <span class='ocr_line' id='line_1_5' title="bbox 130 721 1443 809; baseline 0.002 -25"><span class='ocrx_word' id='word_1_40' title='bbox 130 741 196 785; x_wconf 87' lang='lat' dir='ltr'><strong>esse</strong></span> <span class='ocrx_word' id='word_1_41' title='bbox 218 721 338 801; x_wconf 86' lang='lat' dir='ltr'><strong>littera,</strong></span> <span class='ocrx_word' id='word_1_42' title='bbox 362 723 584 806; x_wconf 83' lang='lat' dir='ltr'><strong>legendumque</strong></span> <span class='ocrx_word' id='word_1_43' title='bbox 608 730 728 809; x_wconf 80' lang='lat' dir='ltr'><strong>Qtltltl.</strong></span> <span class='ocrx_word' id='word_1_44' title='bbox 751 724 790 786; x_wconf 81' lang='lat' dir='ltr'><strong>nt</strong></span> <span class='ocrx_word' id='word_1_45' title='bbox 808 722 926 805; x_wconf 86' lang='lat' dir='ltr'><strong>virgula</strong></span> <span class='ocrx_word' id='word_1_46' title='bbox 940 722 992 785; x_wconf 84' lang='lat' dir='ltr'><strong>illa</strong></span> <span class='ocrx_word' id='word_1_47' title='bbox 1006 723 1102 787; x_wconf 85' lang='lat' dir='ltr'><strong>iustae</strong></span> <span class='ocrx_word' id='word_1_48' title='bbox 1116 722 1234 787; x_wconf 81' lang='lat' dir='ltr'>litterae</span> <span class='ocrx_word' id='word_1_49' title='bbox 1250 722 1370 786; x_wconf 87' lang='lat' dir='ltr'><strong>modum</strong></span> <span class='ocrx_word' id='word_1_50' title='bbox 1383 742 1443 806; x_wconf 85' lang='lat' dir='ltr'><strong>uon</strong></span> 
     </span>
     <span class='ocr_line' id='line_1_6' title="bbox 135 823 1552 910; baseline 0.001 -22"><span class='ocrx_word' id='word_1_51' title='bbox 135 825 253 907; x_wconf 84' lang='lat' dir='ltr'><strong>attingit</strong></span> <span class='ocrx_word' id='word_1_52' title='bbox 275 832 306 888; x_wconf 87' lang='lat' dir='ltr'><strong>et</strong></span> <span class='ocrx_word' id='word_1_53' title='bbox 327 844 364 890; x_wconf 87' lang='lat' dir='ltr'><strong>eo</strong></span> <span class='ocrx_word' id='word_1_54' title='bbox 387 834 511 910; x_wconf 83' lang='lat' dir='ltr'><strong>aspectu</strong></span> <span class='ocrx_word' id='word_1_55' title='bbox 535 833 584 890; x_wconf 85' lang='lat' dir='ltr'><strong>est</strong></span> <span class='ocrx_word' id='word_1_56' title='bbox 604 845 664 910; x_wconf 93' lang='lat' dir='ltr'><strong>quo</strong></span> <span class='ocrx_word' id='word_1_57' title='bbox 684 845 750 890; x_wconf 85' lang='lat' dir='ltr'><strong>esse</strong></span> <span class='ocrx_word' id='word_1_58' title='bbox 765 825 862 891; x_wconf 80' lang='lat' dir='ltr'><strong>solent</strong></span> <span class='ocrx_word' id='word_1_59' title='bbox 875 824 1005 889; x_wconf 83' lang='lat' dir='ltr'><strong>lineolae</strong></span> <span class='ocrx_word' id='word_1_60' title='bbox 1021 823 1292 907; x_wconf 84' lang='lat' dir='ltr'><strong>interstinguentes</strong></span> <span class='ocrx_word' id='word_1_61' title='bbox 1306 827 1336 889; x_wconf 93' lang='lat' dir='ltr'><strong>in</strong></span> <span class='ocrx_word' id='word_1_62' title='bbox 1349 825 1443 890; x_wconf 89' lang='lat' dir='ltr'><strong>titulis</strong></span> <span class='ocrx_word' id='word_1_63' title='bbox 1549 851 1552 856; x_wconf 93' lang='grc'><em>·</em></span> 
     </span>
     <span class='ocr_line' id='line_1_7' title="bbox 128 925 1443 1013; baseline 0.002 -23"><span class='ocrx_word' id='word_1_64' title='bbox 128 925 252 1011; x_wconf 81' lang='lat' dir='ltr'><strong>graphio</strong></span> <span class='ocrx_word' id='word_1_65' title='bbox 274 928 409 1012; x_wconf 84' lang='lat' dir='ltr'><strong>scriptis,</strong></span> <span class='ocrx_word' id='word_1_66' title='bbox 433 929 571 1013; x_wconf 87' lang='lat' dir='ltr'><strong>aliisque.</strong></span> <span class='ocrx_word' id='word_1_67' title='bbox 595 929 628 992; x_wconf 95' lang='lat' dir='ltr'><strong>ln</strong></span> <span class='ocrx_word' id='word_1_68' title='bbox 651 928 782 1011; x_wconf 75' lang='lat' dir='ltr'><strong>eleganti</strong></span> <span class='ocrx_word' id='word_1_69' title='bbox 805 929 915 1013; x_wconf 83' lang='lat' dir='ltr'><strong>poculo</strong></span> <span class='ocrx_word' id='word_1_70' title='bbox 938 928 1033 993; x_wconf 87' lang='lat' dir='ltr'><strong>musei</strong></span> <span class='ocrx_word' id='word_1_71' title='bbox 1055 926 1245 992; x_wconf 82' lang='lat' dir='ltr'><strong>llirolrerioui</strong></span> <span class='ocrx_word' id='word_1_72' title='bbox 1267 929 1377 994; x_wconf 83' lang='lat' dir='ltr'><strong>litteris</strong></span> <span class='ocrx_word' id='word_1_73' title='bbox 1391 947 1443 993; x_wconf 83' lang='lat' dir='ltr'><strong>ex-</strong></span> 
     </span>
     <span class='ocr_line' id='line_1_8' title="bbox 129 1030 629 1115; baseline 0.006 -21"><span class='ocrx_word' id='word_1_74' title='bbox 129 1030 260 1096; x_wconf 84' lang='lat' dir='ltr'><strong>tantibus</strong></span> <span class='ocrx_word' id='word_1_75' title='bbox 282 1030 392 1115; x_wconf 84' lang='lat' dir='ltr'><strong>legitur</strong></span> <span class='ocrx_word' id='word_1_76' title='bbox 415 1035 629 1104; x_wconf 70' lang='lat' dir='ltr'><strong>Drl&#39;tllNA&#39;:</strong></span> 
     </span>
    </p>
   </div>
   <div class='ocr_carea' id='block_1_3' title="bbox 686 1242 880 1310">
    <p class='ocr_par' dir='ltr' id='par_1_3' title="bbox 686 1242 880 1310">
     <span class='ocr_line' id='line_1_9' title="bbox 686 1242 880 1310; baseline 0 0"><span class='ocrx_word' id='word_1_77' title='bbox 686 1242 880 1310; x_wconf 71' lang='lat' dir='ltr'><strong>untulntnt</strong></span> 
     </span>
    </p>
   </div>
   <div class='ocr_carea' id='block_1_4' title="bbox 128 1404 1440 1512">
    <p class='ocr_par' dir='ltr' id='par_1_4' title="bbox 128 1404 1440 1512">
     <span class='ocr_line' id='line_1_10' title="bbox 128 1404 1440 1512; baseline 0 -22"><span class='ocrx_word' id='word_1_78' title='bbox 128 1430 195 1492; x_wconf 79' lang='lat' dir='ltr'><strong>tes.</strong></span> <span class='ocrx_word' id='word_1_79' title='bbox 210 1463 251 1476; x_wconf 88' lang='lat'><em>-</em></span> <span class='ocrx_word' id='word_1_80' title='bbox 264 1425 299 1490; x_wconf 92' lang='lat' dir='ltr'><strong>ln</strong></span> <span class='ocrx_word' id='word_1_81' title='bbox 315 1425 481 1512; x_wconf 78' lang='lat' dir='ltr'><strong>pyramidio</strong></span> <span class='ocrx_word' id='word_1_82' title='bbox 497 1404 631 1492; x_wconf 77' lang='lat' dir='ltr'><strong>testeoeo</strong></span> <span class='ocrx_word' id='word_1_83' title='bbox 647 1433 766 1510; x_wconf 84' lang='lat' dir='ltr'><strong>reperto</strong></span> <span class='ocrx_word' id='word_1_84' title='bbox 782 1444 877 1510; x_wconf 85' lang='lat' dir='ltr'><strong>prope</strong></span> <span class='ocrx_word' id='word_1_85' title='bbox 891 1421 1091 1500; x_wconf 85' lang='lat' dir='ltr'><strong>Orbetellnm,</strong></span> <span class='ocrx_word' id='word_1_86' title='bbox 1102 1441 1181 1507; x_wconf 86' lang='lat' dir='ltr'><strong>quoe</strong></span> <span class='ocrx_word' id='word_1_87' title='bbox 1193 1432 1280 1489; x_wconf 84' lang='lat' dir='ltr'><strong>vetus</strong></span> <span class='ocrx_word' id='word_1_88' title='bbox 1292 1424 1372 1490; x_wconf 80' lang='lat' dir='ltr'><strong>Cosa</strong></span> <span class='ocrx_word' id='word_1_89' title='bbox 1384 1431 1440 1490; x_wconf 87' lang='lat' dir='ltr'><strong>est.</strong></span> 
     </span>
    </p>
   </div>
   <div class='ocr_carea' id='block_1_5' title="bbox 128 1581 1442 1902">
    <p class='ocr_par' dir='ltr' id='par_1_5' title="bbox 128 1581 1442 1902">
     <span class='ocr_line' id='line_1_11' title="bbox 161 1581 1442 1720; baseline 0.002 -28"><span class='ocrx_word' id='word_1_90' title='bbox 161 1581 166 1602; x_wconf 34' lang='grc' dir='ltr'>ι</span> <span class='ocrx_word' id='word_1_91' title='bbox 231 1634 315 1701; x_wconf 78' lang='lat' dir='ltr'><strong>ott!</strong></span> <span class='ocrx_word' id='word_1_92' title='bbox 485 1629 601 1694; x_wconf 86' lang='lat' dir='ltr'><strong>Prodiit</strong></span> <span class='ocrx_word' id='word_1_93' title='bbox 629 1630 657 1693; x_wconf 91' lang='lat' dir='ltr'><strong>in</strong></span> <span class='ocrx_word' id='word_1_94' title='bbox 681 1629 758 1694; x_wconf 91' lang='lat' dir='ltr'><strong>Bull.</strong></span> <span class='ocrx_word' id='word_1_95' title='bbox 782 1626 878 1692; x_wconf 88' lang='lat' dir='ltr'><strong>lustit.</strong></span> <span class='ocrx_word' id='word_1_96' title='bbox 899 1628 1022 1720; x_wconf 77' lang='lat' dir='ltr'><strong>Boruss.</strong></span> <span class='ocrx_word' id='word_1_97' title='bbox 1045 1629 1159 1694; x_wconf 86' lang='lat' dir='ltr'><strong>Romae</strong></span> <span class='ocrx_word' id='word_1_98' title='bbox 1184 1633 1285 1704; x_wconf 77' lang='grc'>4866,</span> <span class='ocrx_word' id='word_1_99' title='bbox 1307 1651 1336 1715; x_wconf 86' lang='lat' dir='ltr'><strong>p.</strong></span> <span class='ocrx_word' id='word_1_100' title='bbox 1360 1633 1442 1710; x_wconf 75' lang='lat' dir='ltr'><strong>stt,</strong></span> 
     </span>
     <span class='ocr_line' id='line_1_12' title="bbox 441 1728 1442 1818; baseline 0.002 -21"><span class='ocrx_word' id='word_1_101' title='bbox 441 1730 640 1818; x_wconf 72' lang='lat' dir='ltr'><strong>descriptore,</strong></span> <span class='ocrx_word' id='word_1_102' title='bbox 662 1739 694 1798; x_wconf 90' lang='lat' dir='ltr'><strong>ut</strong></span> <span class='ocrx_word' id='word_1_103' title='bbox 716 1730 846 1810; x_wconf 87' lang='lat' dir='ltr'><strong>videtur,</strong></span> <span class='ocrx_word' id='word_1_104' title='bbox 867 1728 1020 1814; x_wconf 85' lang='lat' dir='ltr'><strong>Helbigio.</strong></span> <span class='ocrx_word' id='word_1_105' title='bbox 1042 1731 1157 1797; x_wconf 88' lang='lat' dir='ltr'><strong>Nomen</strong></span> <span class='ocrx_word' id='word_1_106' title='bbox 1180 1730 1264 1816; x_wconf 86' lang='lat' dir='ltr'><strong>figuli</strong></span> <span class='ocrx_word' id='word_1_107' title='bbox 1286 1740 1345 1809; x_wconf 84' lang='lat' dir='ltr'><strong>est,</strong></span> <span class='ocrx_word' id='word_1_108' title='bbox 1367 1753 1442 1817; x_wconf 89' lang='lat' dir='ltr'><strong>gen-</strong></span> 
     </span>
     <span class='ocr_line' id='line_1_13' title="bbox 128 1835 470 1902; baseline 0 -3"><span class='ocrx_word' id='word_1_109' title='bbox 128 1835 210 1901; x_wconf 86' lang='lat' dir='ltr'><strong>tilieii</strong></span> <span class='ocrx_word' id='word_1_110' title='bbox 233 1836 332 1901; x_wconf 81' lang='lat' dir='ltr'><strong>lorum</strong></span> <span class='ocrx_word' id='word_1_111' title='bbox 355 1843 470 1902; x_wconf 85' lang='lat' dir='ltr'><strong>tenens.</strong></span> 
     </span>
    </p>
   </div>
   <div class='ocr_carea' id='block_1_6' title="bbox 130 1999 1453 2124">
    <p class='ocr_par' dir='ltr' id='par_1_6' title="bbox 130 1999 1453 2124">
     <span class='ocr_line' id='line_1_14' title="bbox 130 1999 1453 2124; baseline 0.001 -20"><span class='ocrx_word' id='word_1_112' title='bbox 130 2044 199 2105; x_wconf 80' lang='lat' dir='ltr'><strong>teo.</strong></span> <span class='ocrx_word' id='word_1_113' title='bbox 225 2041 263 2122; x_wconf 85' lang='lat'><strong>(=</strong></span> <span class='ocrx_word' id='word_1_114' title='bbox 277 2042 385 2124; x_wconf 75' lang='lat' dir='ltr'><strong>loen).</strong></span> <span class='ocrx_word' id='word_1_115' title='bbox 409 2074 448 2089; x_wconf 89' lang='lat'>-</span> <span class='ocrx_word' id='word_1_116' title='bbox 470 2039 504 2102; x_wconf 90' lang='lat' dir='ltr'><strong>ln</strong></span> <span class='ocrx_word' id='word_1_117' title='bbox 528 2039 696 2122; x_wconf 79' lang='lat' dir='ltr'><strong>fragmento</strong></span> <span class='ocrx_word' id='word_1_118' title='bbox 718 2039 877 2124; x_wconf 66' lang='lat' dir='ltr'><strong>pyramidii</strong></span> <span class='ocrx_word' id='word_1_119' title='bbox 902 2039 1026 2104; x_wconf 81' lang='lat' dir='ltr'><strong>testacei</strong></span> <span class='ocrx_word' id='word_1_120' title='bbox 1049 2039 1145 2105; x_wconf 89' lang='lat' dir='ltr'><strong>musei</strong></span> <span class='ocrx_word' id='word_1_121' title='bbox 1166 1999 1375 2105; x_wconf 78' lang='lat' dir='ltr'><strong>berolinensis.</strong></span> <span class='ocrx_word' id='word_1_122' title='bbox 1450 2053 1453 2059; x_wconf 82' lang='lat'>&#39;</span> 
     </span>
    </p>
   </div>
   <div class='ocr_carea' id='block_1_7' title="bbox 127 2239 1523 2636">
    <p class='ocr_par' dir='ltr' id='par_1_7' title="bbox 230 2239 1523 2534">
     <span class='ocr_line' id='line_1_15' title="bbox 234 2239 1523 2327; baseline -0.001 -19"><span class='ocrx_word' id='word_1_123' title='bbox 234 2249 274 2316; x_wconf 71' lang='grc' dir='ltr'><strong>ἐς</strong></span> <span class='ocrx_word' id='word_1_124' title='bbox 527 2243 641 2308; x_wconf 84' lang='lat' dir='ltr'><strong>Nomen</strong></span> <span class='ocrx_word' id='word_1_125' title='bbox 666 2245 815 2327; x_wconf 88' lang='lat' dir='ltr'><strong>integrum</strong></span> <span class='ocrx_word' id='word_1_126' title='bbox 839 2259 907 2309; x_wconf 85' lang='lat' dir='ltr'><strong>esse</strong></span> <span class='ocrx_word' id='word_1_127' title='bbox 931 2245 1062 2308; x_wconf 83' lang='lat' dir='ltr'><strong>videtur:</strong></span> <span class='ocrx_word' id='word_1_128' title='bbox 1085 2242 1184 2308; x_wconf 81' lang='lat' dir='ltr'><strong>editor</strong></span> <span class='ocrx_word' id='word_1_129' title='bbox 1206 2239 1364 2324; x_wconf 88' lang='lat' dir='ltr'><strong>llelbigius</strong></span> <span class='ocrx_word' id='word_1_130' title='bbox 1378 2241 1396 2306; x_wconf 93' lang='lat' dir='ltr'><strong>l.</strong></span> <span class='ocrx_word' id='word_1_131' title='bbox 1411 2263 1439 2308; x_wconf 86' lang='lat' dir='ltr'><strong>o.</strong></span> <span class='ocrx_word' id='word_1_132' title='bbox 1520 2274 1523 2288; x_wconf 89' lang='lat'>·</span> 
     </span>
     <span class='ocr_line' id='line_1_16' title="bbox 230 2345 1442 2432; baseline -0.006 -14"><span class='ocrx_word' id='word_1_133' title='bbox 230 2352 355 2432; x_wconf 80' lang='lat' dir='ltr'><strong>Qvnllt</strong></span> <span class='ocrx_word' id='word_1_134' title='bbox 485 2345 558 2411; x_wconf 85' lang='lat' dir='ltr'>nihil</span> <span class='ocrx_word' id='word_1_135' title='bbox 581 2353 690 2412; x_wconf 89' lang='lat' dir='ltr'><strong>monet.</strong></span> <span class='ocrx_word' id='word_1_136' title='bbox 714 2345 848 2428; x_wconf 82' lang='lat' dir='ltr'><strong>Figlinas</strong></span> <span class='ocrx_word' id='word_1_137' title='bbox 869 2346 977 2411; x_wconf 81' lang='lat' dir='ltr'><strong>hebuit</strong></span> <span class='ocrx_word' id='word_1_138' title='bbox 998 2348 1074 2412; x_wconf 82' lang='lat' dir='ltr'><strong>liaeo</strong></span> <span class='ocrx_word' id='word_1_139' title='bbox 1092 2346 1296 2430; x_wconf 85' lang='lat' dir='ltr'><strong>leminoquoe</strong></span> <span class='ocrx_word' id='word_1_140' title='bbox 1310 2345 1442 2411; x_wconf 80' lang='lat' dir='ltr'><strong>vocitato</strong></span> 
     </span>
     <span class='ocr_line' id='line_1_17' title="bbox 481 2446 1440 2534; baseline 0 -20"><span class='ocrx_word' id='word_1_141' title='bbox 481 2455 529 2514; x_wconf 85' lang='lat' dir='ltr'><strong>est</strong></span> <span class='ocrx_word' id='word_1_142' title='bbox 555 2449 692 2534; x_wconf 86' lang='lat' dir='ltr'><strong>Esquro,</strong></span> <span class='ocrx_word' id='word_1_143' title='bbox 722 2468 829 2534; x_wconf 85' lang='lat' dir='ltr'><strong>nempe</strong></span> <span class='ocrx_word' id='word_1_144' title='bbox 859 2449 994 2524; x_wconf 76' lang='lat' dir='ltr'><strong>liscum,</strong></span> <span class='ocrx_word' id='word_1_145' title='bbox 1024 2468 1135 2532; x_wconf 81' lang='lat' dir='ltr'><strong>graece</strong></span> <span class='ocrx_word' id='word_1_146' title='bbox 1163 2446 1298 2532; x_wconf 69' lang='grc' dir='ltr'><strong>Ἰοχνράε</strong></span> <span class='ocrx_word' id='word_1_147' title='bbox 1330 2466 1440 2514; x_wconf 88' lang='lat' dir='ltr'><strong>nomen</strong></span> 
     </span>
    </p>

    <p class='ocr_par' dir='ltr' id='par_1_8' title="bbox 127 2552 884 2636">
     <span class='ocr_line' id='line_1_18' title="bbox 127 2552 884 2636; baseline 0 -20"><span class='ocrx_word' id='word_1_148' title='bbox 127 2555 248 2634; x_wconf 81' lang='lat' dir='ltr'><strong>ignotae</strong></span> <span class='ocrx_word' id='word_1_149' title='bbox 272 2552 348 2616; x_wconf 84' lang='lat' dir='ltr'><strong>deae</strong></span> <span class='ocrx_word' id='word_1_150' title='bbox 369 2552 431 2616; x_wconf 84' lang='lat' dir='ltr'><strong>sive</strong></span> <span class='ocrx_word' id='word_1_151' title='bbox 455 2552 542 2616; x_wconf 82' lang='lat' dir='ltr'><strong>dieue</strong></span> <span class='ocrx_word' id='word_1_152' title='bbox 564 2571 632 2616; x_wconf 86' lang='lat' dir='ltr'><strong>esse</strong></span> <span class='ocrx_word' id='word_1_153' title='bbox 654 2553 747 2636; x_wconf 82' lang='lat' dir='ltr'>aliqui</span> <span class='ocrx_word' id='word_1_154' title='bbox 769 2558 884 2635; x_wconf 79' lang='lat' dir='ltr'><strong>putent.</strong></span> 
     </span>
    </p>
   </div>
   <div class='ocr_carea' id='block_1_8' title="bbox 130 2755 1442 2947">
    <p class='ocr_par' dir='ltr' id='par_1_9' title="bbox 130 2755 1442 2947">
     <span class='ocr_line' id='line_1_19' title="bbox 130 2755 1442 2844; baseline 0.001 -23"><span class='ocrx_word' id='word_1_155' title='bbox 130 2762 198 2823; x_wconf 82' lang='lat' dir='ltr'><strong>teo.</strong></span> <span class='ocrx_word' id='word_1_156' title='bbox 221 2793 261 2802; x_wconf 88' lang='lat'>—</span> <span class='ocrx_word' id='word_1_157' title='bbox 284 2757 318 2822; x_wconf 93' lang='lat' dir='ltr'><strong>ln</strong></span> <span class='ocrx_word' id='word_1_158' title='bbox 341 2759 433 2824; x_wconf 82' lang='lat' dir='ltr'><strong>lutere</strong></span> <span class='ocrx_word' id='word_1_159' title='bbox 452 2764 584 2823; x_wconf 85' lang='lat' dir='ltr'><strong>testaceo</strong></span> <span class='ocrx_word' id='word_1_160' title='bbox 600 2756 697 2823; x_wconf 83' lang='lat' dir='ltr'><strong>musei</strong></span> <span class='ocrx_word' id='word_1_161' title='bbox 712 2755 904 2822; x_wconf 83' lang='lat' dir='ltr'><strong>Kiroheriani</strong></span> <span class='ocrx_word' id='word_1_162' title='bbox 922 2757 983 2828; x_wconf 83' lang='lat' dir='ltr'><strong>leto</strong></span> <span class='ocrx_word' id='word_1_163' title='bbox 999 2756 1111 2841; x_wconf 76' lang='lat' dir='ltr'><strong>digitos</strong></span> <span class='ocrx_word' id='word_1_164' title='bbox 1126 2765 1268 2844; x_wconf 53' lang='lat' dir='ltr'><strong>quotuorf</strong></span> <span class='ocrx_word' id='word_1_165' title='bbox 1279 2755 1341 2823; x_wconf 83' lang='lat' dir='ltr'><strong>olto</strong></span> <span class='ocrx_word' id='word_1_166' title='bbox 1355 2756 1442 2837; x_wconf 88' lang='lat' dir='ltr'><strong>duos,</strong></span> 
     </span>
     <span class='ocr_line' id='line_1_20' title="bbox 274 2860 1105 2947; baseline -0.002 -21"><span class='ocrx_word' id='word_1_167' title='bbox 274 2861 371 2947; x_wconf 83' lang='lat' dir='ltr'><strong>capite</strong></span> <span class='ocrx_word' id='word_1_168' title='bbox 394 2861 562 2946; x_wconf 77' lang='lat' dir='ltr'><strong>perforato,</strong></span> <span class='ocrx_word' id='word_1_169' title='bbox 586 2862 628 2925; x_wconf 89' lang='lat' dir='ltr'><strong>uti</strong></span> <span class='ocrx_word' id='word_1_170' title='bbox 650 2860 820 2947; x_wconf 75' lang='lat' dir='ltr'><strong>pyramidis</strong></span> <span class='ocrx_word' id='word_1_171' title='bbox 843 2867 974 2926; x_wconf 84' lang='lat' dir='ltr'><strong>testaceo</strong></span> <span class='ocrx_word' id='word_1_172' title='bbox 997 2860 1105 2926; x_wconf 86' lang='lat' dir='ltr'><strong>omnia.</strong></span> 
     </span>
    </p>
   </div>
   <div class='ocr_carea' id='block_1_9' title="bbox 641 3037 912 3140">
    <p class='ocr_par' dir='ltr' id='par_1_10' title="bbox 641 3037 912 3140">
     <span class='ocr_line' id='line_1_21' title="bbox 641 3037 912 3140; baseline -0.007 -1"><span class='ocrx_word' id='word_1_173' title='bbox 641 3037 912 3140; x_wconf 60' lang='lat' dir='ltr'><strong>nocuerunt</strong></span> 
     </span>
    </p>
   </div>
   <div class='ocr_carea' id='block_1_10' title="bbox 125 3265 1440 3565">
    <p class='ocr_par' dir='ltr' id='par_1_11' title="bbox 125 3265 1440 3565">
     <span class='ocr_line' id='line_1_22' title="bbox 169 3265 1440 3361; baseline 0.002 -23"><span class='ocrx_word' id='word_1_174' title='bbox 169 3274 323 3359; x_wconf 84' lang='lat' dir='ltr'><strong>Descripsi</strong></span> <span class='ocrx_word' id='word_1_175' title='bbox 347 3281 375 3338; x_wconf 86' lang='lat' dir='ltr'><strong>et</strong></span> <span class='ocrx_word' id='word_1_176' title='bbox 398 3273 502 3339; x_wconf 82' lang='lat' dir='ltr'><strong>charte</strong></span> <span class='ocrx_word' id='word_1_177' title='bbox 524 3265 670 3358; x_wconf 86' lang='lat' dir='ltr'><strong>expressi.</strong></span> <span class='ocrx_word' id='word_1_178' title='bbox 700 3274 838 3356; x_wconf 81' lang='lat' dir='ltr'><strong>Angorus</strong></span> <span class='ocrx_word' id='word_1_179' title='bbox 862 3279 908 3344; x_wconf 83' lang='lat' dir='ltr'><strong>est</strong></span> <span class='ocrx_word' id='word_1_180' title='bbox 930 3272 1018 3337; x_wconf 81' lang='lat' dir='ltr'><strong>silvii</strong></span> <span class='ocrx_word' id='word_1_181' title='bbox 1039 3291 1161 3350; x_wconf 84' lang='lat' dir='ltr'><strong>servus,</strong></span> <span class='ocrx_word' id='word_1_182' title='bbox 1176 3273 1223 3337; x_wconf 84' lang='lat' dir='ltr'><strong>rel</strong></span> <span class='ocrx_word' id='word_1_183' title='bbox 1240 3272 1366 3351; x_wconf 78' lang='lat' dir='ltr'><strong>Silvius,</strong></span> <span class='ocrx_word' id='word_1_184' title='bbox 1388 3276 1440 3361; x_wconf 88' lang='lat' dir='ltr'><strong>qui</strong></span> 
     </span>
     <span class='ocr_line' id='line_1_23' title="bbox 125 3375 1440 3463; baseline 0.002 -22"><span class='ocrx_word' id='word_1_185' title='bbox 125 3377 244 3461; x_wconf 23' lang='lat' dir='ltr'><strong>&#39;figlinas</strong></span> <span class='ocrx_word' id='word_1_186' title='bbox 268 3376 414 3443; x_wconf 85' lang='lat' dir='ltr'><strong>exercuit.</strong></span> <span class='ocrx_word' id='word_1_187' title='bbox 448 3378 566 3442; x_wconf 79' lang='lat' dir='ltr'><strong>Graeca</strong></span> <span class='ocrx_word' id='word_1_188' title='bbox 589 3379 648 3441; x_wconf 90' lang='lat' dir='ltr'><strong>imo</strong></span> <span class='ocrx_word' id='word_1_189' title='bbox 671 3375 793 3460; x_wconf 85' lang='lat' dir='ltr'><strong>persico</strong></span> <span class='ocrx_word' id='word_1_190' title='bbox 815 3378 899 3460; x_wconf 89' lang='lat' dir='ltr'><strong>origo</strong></span> <span class='ocrx_word' id='word_1_191' title='bbox 920 3375 1004 3441; x_wconf 81' lang='lat' dir='ltr'><strong>nocis</strong></span> <span class='ocrx_word' id='word_1_192' title='bbox 1025 3396 1128 3453; x_wconf 63' lang='grc' dir='ltr'><strong>ωηατ,</strong></span> <span class='ocrx_word' id='word_1_193' title='bbox 1153 3376 1221 3442; x_wconf 83' lang='lat' dir='ltr'><strong>vide</strong></span> <span class='ocrx_word' id='word_1_194' title='bbox 1244 3375 1440 3463; x_wconf 79' lang='lat' dir='ltr'><strong>lleryohiuun.</strong></span> 
     </span>
     <span class='ocr_line' id='line_1_24' title="bbox 128 3480 1095 3565; baseline -0.003 -20"><span class='ocrx_word' id='word_1_195' title='bbox 128 3481 202 3548; x_wconf 86' lang='lat' dir='ltr'><strong>Nota</strong></span> <span class='ocrx_word' id='word_1_196' title='bbox 223 3504 237 3544; x_wconf 82' lang='lat' dir='ltr'><strong>s</strong></span> <span class='ocrx_word' id='word_1_197' title='bbox 260 3480 468 3564; x_wconf 85' lang='lat' dir='ltr'><strong>retrogradum</strong></span> <span class='ocrx_word' id='word_1_198' title='bbox 492 3487 520 3545; x_wconf 90' lang='lat' dir='ltr'><strong>et</strong></span> <span class='ocrx_word' id='word_1_199' title='bbox 543 3481 739 3563; x_wconf 79' lang='lat' dir='ltr'><strong>angulosum,</strong></span> <span class='ocrx_word' id='word_1_200' title='bbox 764 3481 773 3542; x_wconf 93' lang='lat' dir='ltr'><strong>l</strong></span> <span class='ocrx_word' id='word_1_201' title='bbox 795 3499 939 3565; x_wconf 84' lang='lat' dir='ltr'><strong>perquam</strong></span> <span class='ocrx_word' id='word_1_202' title='bbox 963 3485 1095 3544; x_wconf 86' lang='lat' dir='ltr'><strong>acutum.</strong></span> 
     </span>
    </p>
   </div>
   <div class='ocr_carea' id='block_1_11' title="bbox 132 3683 1439 3772">
    <p class='ocr_par' dir='ltr' id='par_1_12' title="bbox 132 3683 1439 3772">
     <span class='ocr_line' id='line_1_25' title="bbox 132 3683 1439 3772; baseline 0.003 -24"><span class='ocrx_word' id='word_1_203' title='bbox 132 3689 197 3748; x_wconf 81' lang='lat' dir='ltr'><strong>tet.</strong></span> <span class='ocrx_word' id='word_1_204' title='bbox 221 3723 258 3734; x_wconf 86' lang='lat'><em>-</em></span> <span class='ocrx_word' id='word_1_205' title='bbox 281 3683 316 3748; x_wconf 93' lang='lat' dir='ltr'><strong>ln</strong></span> <span class='ocrx_word' id='word_1_206' title='bbox 335 3686 501 3771; x_wconf 81' lang='lat' dir='ltr'><strong>pyramidio</strong></span> <span class='ocrx_word' id='word_1_207' title='bbox 522 3690 653 3750; x_wconf 81' lang='lat' dir='ltr'><strong>testaceo</strong></span> <span class='ocrx_word' id='word_1_208' title='bbox 670 3683 808 3762; x_wconf 82' lang='lat' dir='ltr'><strong>veleiole,</strong></span> <span class='ocrx_word' id='word_1_209' title='bbox 823 3685 903 3771; x_wconf 91' lang='lat' dir='ltr'><strong>quod</strong></span> <span class='ocrx_word' id='word_1_210' title='bbox 921 3703 1001 3748; x_wconf 85' lang='lat' dir='ltr'><strong>nuno</strong></span> <span class='ocrx_word' id='word_1_211' title='bbox 1017 3690 1099 3749; x_wconf 83' lang='lat' dir='ltr'><strong>extet</strong></span> <span class='ocrx_word' id='word_1_212' title='bbox 1112 3685 1143 3749; x_wconf 95' lang='lat' dir='ltr'><strong>in</strong></span> <span class='ocrx_word' id='word_1_213' title='bbox 1157 3704 1262 3751; x_wconf 88' lang='lat' dir='ltr'><strong>museo</strong></span> <span class='ocrx_word' id='word_1_214' title='bbox 1277 3687 1439 3772; x_wconf 85' lang='lat' dir='ltr'><strong>parmensi.</strong></span> 
     </span>
    </p>
   </div>
   <div class='ocr_carea' id='block_1_12' title="bbox 129 3886 1440 4468">
    <p class='ocr_par' dir='ltr' id='par_1_13' title="bbox 230 3886 1440 4388">
     <span class='ocr_line' id='line_1_26' title="bbox 494 3886 1439 3975; baseline 0.005 -23"><span class='ocrx_word' id='word_1_215' title='bbox 494 3887 604 3953; x_wconf 82' lang='lat' dir='ltr'><strong>Charta</strong></span> <span class='ocrx_word' id='word_1_216' title='bbox 627 3889 855 3974; x_wconf 81' lang='lat' dir='ltr'><strong>exprimendum</strong></span> <span class='ocrx_word' id='word_1_217' title='bbox 879 3887 951 3953; x_wconf 82' lang='lat' dir='ltr'><strong>milri</strong></span> <span class='ocrx_word' id='word_1_218' title='bbox 969 3886 1074 3954; x_wconf 80' lang='lat' dir='ltr'><strong>curari</strong></span> <span class='ocrx_word' id='word_1_219' title='bbox 1092 3888 1234 3975; x_wconf 89' lang='lat' dir='ltr'><strong>edidique</strong></span> <span class='ocrx_word' id='word_1_220' title='bbox 1248 3886 1278 3953; x_wconf 93' lang='lat' dir='ltr'><strong>in</strong></span> <span class='ocrx_word' id='word_1_221' title='bbox 1294 3888 1374 3954; x_wconf 87' lang='lat' dir='ltr'><strong>Diss.</strong></span> <span class='ocrx_word' id='word_1_222' title='bbox 1390 3890 1439 3957; x_wconf 88' lang='lat' dir='ltr'><strong>dei</strong></span> 
     </span>
     <span class='ocr_line' id='line_1_27' title="bbox 429 3990 1440 4078; baseline 0.008 -26"><span class='ocrx_word' id='word_1_223' title='bbox 429 4045 433 4052; x_wconf 88' lang='lat'><em>.</em></span> <span class='ocrx_word' id='word_1_224' title='bbox 451 3991 565 4056; x_wconf 86' lang='lat' dir='ltr'><strong>Cononi</strong></span> <span class='ocrx_word' id='word_1_225' title='bbox 583 3990 738 4078; x_wconf 86' lang='lat' dir='ltr'><strong>epigralici</strong></span> <span class='ocrx_word' id='word_1_226' title='bbox 756 3991 787 4055; x_wconf 91' lang='lat' dir='ltr'><strong>di</strong></span> <span class='ocrx_word' id='word_1_227' title='bbox 802 3991 951 4056; x_wconf 88' lang='lat' dir='ltr'><strong>Federico</strong></span> <span class='ocrx_word' id='word_1_228' title='bbox 967 3991 1098 4067; x_wconf 88' lang='lat' dir='ltr'><strong>Ritsohl,</strong></span> <span class='ocrx_word' id='word_1_229' title='bbox 1113 3991 1165 4056; x_wconf 90' lang='lat' dir='ltr'><strong>ubi</strong></span> <span class='ocrx_word' id='word_1_230' title='bbox 1181 4000 1211 4057; x_wconf 89' lang='lat' dir='ltr'><strong>et</strong></span> <span class='ocrx_word' id='word_1_231' title='bbox 1225 3991 1440 4077; x_wconf 78' lang='lat' dir='ltr'><strong>interpretatus</strong></span> 
     </span>
     <span class='ocr_line' id='line_1_28' title="bbox 232 4093 1438 4180; baseline 0 -18"><span class='ocrx_word' id='word_1_232' title='bbox 232 4099 321 4165; x_wconf 52' lang='lat' dir='ltr'><strong>llil!</strong></span> <span class='ocrx_word' id='word_1_233' title='bbox 450 4115 535 4159; x_wconf 90' lang='lat' dir='ltr'><strong>sum:</strong></span> <span class='ocrx_word' id='word_1_234' title='bbox 566 4096 708 4160; x_wconf 82' lang='lat' dir='ltr'><strong>Antinous</strong></span> <span class='ocrx_word' id='word_1_235' title='bbox 739 4093 832 4179; x_wconf 81' lang='lat' dir='ltr'><strong>li(n]xi</strong></span> <span class='ocrx_word' id='word_1_236' title='bbox 862 4102 901 4159; x_wconf 88' lang='lat' dir='ltr'><strong>te.</strong></span> <span class='ocrx_word' id='word_1_237' title='bbox 936 4094 1061 4178; x_wconf 81' lang='lat' dir='ltr'><strong>Figulus</strong></span> <span class='ocrx_word' id='word_1_238' title='bbox 1090 4115 1165 4180; x_wconf 88' lang='lat' dir='ltr'><strong>opus</strong></span> <span class='ocrx_word' id='word_1_239' title='bbox 1188 4115 1274 4160; x_wconf 90' lang='lat' dir='ltr'><strong>snum</strong></span> <span class='ocrx_word' id='word_1_240' title='bbox 1299 4115 1366 4161; x_wconf 88' lang='lat' dir='ltr'><strong>oum</strong></span> <span class='ocrx_word' id='word_1_241' title='bbox 1389 4097 1438 4162; x_wconf 86' lang='lat' dir='ltr'><strong>al-</strong></span> 
     </span>
     <span class='ocr_line' id='line_1_29' title="bbox 230 4196 1438 4286; baseline 0.001 -24"><span class='ocrx_word' id='word_1_242' title='bbox 230 4203 321 4270; x_wconf 77' lang='grc' dir='ltr'>ΧΙΤΕ</span> <span class='ocrx_word' id='word_1_243' title='bbox 394 4196 397 4210; x_wconf 83' lang='grc'><strong><em>’</em></strong></span> <span class='ocrx_word' id='word_1_244' title='bbox 448 4199 580 4281; x_wconf 89' lang='lat' dir='ltr'><strong>loquitur</strong></span> <span class='ocrx_word' id='word_1_245' title='bbox 610 4218 668 4264; x_wconf 92' lang='lat' dir='ltr'><strong>non</strong></span> <span class='ocrx_word' id='word_1_246' title='bbox 698 4197 796 4263; x_wconf 88' lang='lat' dir='ltr'><strong>miuus</strong></span> <span class='ocrx_word' id='word_1_247' title='bbox 825 4197 903 4262; x_wconf 85' lang='lat' dir='ltr'><strong>belle</strong></span> <span class='ocrx_word' id='word_1_248' title='bbox 933 4198 962 4261; x_wconf 87' lang='lat' dir='ltr'><strong>id</strong></span> <span class='ocrx_word' id='word_1_249' title='bbox 993 4196 1064 4264; x_wconf 85' lang='lat' dir='ltr'><strong>lacit</strong></span> <span class='ocrx_word' id='word_1_250' title='bbox 1085 4217 1175 4285; x_wconf 86' lang='lat' dir='ltr'><strong>quom</strong></span> <span class='ocrx_word' id='word_1_251' title='bbox 1199 4220 1267 4264; x_wconf 88' lang='lat' dir='ltr'><strong>curn</strong></span> <span class='ocrx_word' id='word_1_252' title='bbox 1290 4218 1365 4286; x_wconf 89' lang='lat' dir='ltr'><strong>opus</strong></span> <span class='ocrx_word' id='word_1_253' title='bbox 1386 4197 1438 4264; x_wconf 92' lang='lat' dir='ltr'><strong>io-</strong></span> 
     </span>
     <span class='ocr_line' id='line_1_30' title="bbox 450 4297 1440 4388; baseline 0.002 -24"><span class='ocrx_word' id='word_1_254' title='bbox 450 4302 532 4366; x_wconf 88' lang='lat' dir='ltr'><strong>duoit</strong></span> <span class='ocrx_word' id='word_1_255' title='bbox 561 4302 722 4387; x_wconf 85' lang='lat' dir='ltr'><strong>alloquens</strong></span> <span class='ocrx_word' id='word_1_256' title='bbox 745 4297 895 4387; x_wconf 79' lang='lat' dir='ltr'><strong>emptores</strong></span> <span class='ocrx_word' id='word_1_257' title='bbox 918 4307 1154 4388; x_wconf 84' lang='lat' dir='ltr'><strong>spectatoresve.</strong></span> <span class='ocrx_word' id='word_1_258' title='bbox 1187 4301 1253 4367; x_wconf 71' lang='lat' dir='ltr'><strong>uixi</strong></span> <span class='ocrx_word' id='word_1_259' title='bbox 1276 4321 1330 4387; x_wconf 89' lang='lat' dir='ltr'><strong>pro</strong></span> <span class='ocrx_word' id='word_1_260' title='bbox 1354 4300 1440 4367; x_wconf 82' lang='lat' dir='ltr'><strong>Finxi</strong></span> 
     </span>
    </p>

    <p class='ocr_par' dir='ltr' id='par_1_14' title="bbox 129 4399 1235 4468">
     <span class='ocr_line' id='line_1_31' title="bbox 129 4399 1235 4468; baseline 0.014 -10"><span class='ocrx_word' id='word_1_261' title='bbox 129 4421 145 4459; x_wconf 86' lang='lat' dir='ltr'><strong>n</strong></span> <span class='ocrx_word' id='word_1_262' title='bbox 167 4399 278 4466; x_wconf 85' lang='lat' dir='ltr'><strong>omissa</strong></span> <span class='ocrx_word' id='word_1_263' title='bbox 300 4402 451 4468; x_wconf 88' lang='lat' dir='ltr'><strong>scribitur.</strong></span> <span class='ocrx_word' id='word_1_264' title='bbox 546 4445 549 4454; x_wconf 42' lang='grc' dir='ltr'><strong><em>ι</em></strong></span> <span class='ocrx_word' id='word_1_265' title='bbox 1232 4431 1235 4436; x_wconf 93' lang='grc'><em>·</em></span> 
     </span>
    </p>
   </div>
   <div class='ocr_carea' id='block_1_13' title="bbox 0 0 1830 5342">
    <p class='ocr_par' dir='ltr' id='par_1_15' title="bbox 0 0 1830 5342">
     <span class='ocr_line' id='line_1_32' title="bbox 0 0 1830 5342; baseline 0 1"><span class='ocrx_word' id='word_1_266' title='bbox 0 0 1830 5342; x_wconf 95' lang='lat' dir='ltr'><strong> </strong></span> 
     </span>
    </p>
   </div>
  </div>
 </body>
</html>
