3650 5342
1432 260 1482 321 255

217 383 307 463 Quod
328 382 407 449 haec
428 384 477 449 len
500 402 579 449 auno
603 389 664 449 ota
686 385 837 449 recentior
859 386 907 459 sit,
930 385 1059 470 probant
1081 384 1227 449 Consules
1244 384 1295 470 qui
1315 383 1344 448 in
1359 403 1397 451 ea
1412 404 1437 449 r.
1455 389 1494 449 29

175 489 383 553 nominantur:
406 495 535 573 apparet
556 508 626 553 vero
650 488 855 573 praecessisse
879 508 990 559 annum
1015 492 1076 551 oto
1095 486 1276 563 censorium,
1292 507 1328 552 ex
1345 490 1496 553 mentione

176 610 354 663 censorum,
377 592 428 675 qni
452 590 580 675 proximi
603 591 725 655 suerunt
746 610 825 656 anno
850 597 921 657 639.
945 592 1084 657 Auctoris
1106 608 1215 655 nomen
1240 591 1415 675 ignoratur,
1445 592 1495 677 qui

178 692 433 778 tribunusplebis
456 694 547 757 tuerit
569 714 696 759 necesse
719 702 776 769 est,
798 714 866 759 eum
889 696 928 759 sit
949 693 1049 781 plebei
1073 694 1198 771 scitum3
1217 694 1321 778 itaque
1339 692 1496 779 appianus

179 796 230 878 (B.
253 795 285 860 C.
308 797 338 871 1,
362 798 422 879 ii)
447 796 568 862 tribuno
591 796 736 861 attribuit.
766 796 850 863 Haec
882 798 929 863 tea
960 816 1065 881 agrum
1098 795 1251 882 publicum
1283 798 1311 861 in
1344 796 1432 863 ltalia
1461 814 1497 861 eo

178 898 319 982 vestigati
343 899 468 976 levavit,
492 900 574 987 quod
596 899 663 983 lege
686 900 799 965 Thoria
821 901 863 966 illi
887 902 986 965 iuerat
1007 902 1179 987 impositum
1203 920 1231 964 a.
1255 904 1333 977 635,
1356 900 1403 964 vel
1426 902 1497 965 636.

178 1002 309 1067 Africani
333 1022 403 1067 vero
426 1004 490 1086 agri
514 1011 629 1087 partem
654 1006 758 1069 venire
787 1004 890 1080 iubet,
921 1010 1034 1089 partem
1063 1002 1293 1088 possessoribus
1323 1002 1499 1079 confirmat,

178 1104 207 1169 in
230 1104 329 1190 iisque
351 1105 430 1188 regis
455 1104 649 1171 Massinissae
672 1105 751 1183 filiis,
774 1106 935 1173 Numidiae
959 1106 1090 1191 regibus.
1113 1108 1184 1189 agit
1206 1104 1337 1191 denique
1361 1105 1398 1171 do
1422 1126 1497 1189 agro

178 1207 377 1273 Corinthiaco.
912 1227 917 1237 ·

281 1396 401 1458 Eunones
420 1397 538 1478 [cirritos
561 1397 590 1457 in
613 1398 727 1460 torminis
748 1416 818 1481 ortos
839 1398 923 1460 hodie
943 1406 1109 1479 supersunt,
1133 1398 1317 1461 emendantur
1338 1398 1396 1462 sie:

320 1500 370 1561 ubi
392 1501 513 1577 litteras,
537 1521 610 1581 quoe
631 1502 785 1579 addantur,
807 1510 858 1565 out
879 1509 1035 1579 motantur,
1057 1502 1212 1565 inclinatos
1233 1502 1359 1565 cohibeo.

222 1651 255 1716 v.
280 1657 307 1716 n.
332 1652 512 1726 monuo
539 1696 577 1705 -
602 1658 629 1716 s.
656 1653 832 1727 noman
856 1696 895 1706 -
926 1659 979 1720 u:
1000 1656 1085 1727 run
1114 1654 1323 1725 aaron..
1354 1656 1402 1718 no.
1425 1654 1498 1727 ns-

180 1755 464 1842 cnnurnooue
480 1793 497 1803 -
516 1758 788 1829 secuunuu-
807 1761 854 1821 ro.
881 1762 1131 1831 possesione
1152 1791 1190 1801 -
1215 1761 1263 1821 ro.
1289 1756 1500 1829 necarunt

179 1896 217 1908 -
248 1862 300 1922 sn.
323 1860 417 1929 xri<
450 1890 489 1899 -
518 1864 569 1923 aa.
595 1864 764 1933 noeoue
796 1896 834 1907 —
865 1864 914 1924 aa.
939 1862 1102 1934 norrun
1129 1900 1166 1912 -
1198 1866 1247 1924 eo.
1272 1861 1432 1933 onerate
1462 1902 1499 1913 -

180 1964 229 2024 oo.
254 1962 447 2035 noscere
473 1998 489 2009 -
513 1964 675 2035 annuos
698 1998 713 2009 -
735 1964 1008 2036 Fucens—30.
1032 1970 1123 2051 Qvo
1139 2000 1145 2013 ·
1161 1962 1415 2035 neon—³⁹.
1438 1969 1501 2039 se·

183 2064 301 2137 uoto
325 2100 331 2113 ·
353 2065 464 2136 onata
492 2106 529 2117 -
563 2070 611 2129 no.
647 2068 798 2137 enerve
828 2106 866 2116 -
901 2069 946 2131 n.
986 2068 1137 2138 rantur
1160 2104 1175 2114 -
1202 2067 1436 2153 oeouurnn
1465 2105 1503 2117 .-

182 2171 231 2229 so.
258 2174 383 2239 rutro
405 2206 443 2215 -
462 2171 511 2232 n.
537 2172 888 2243 arcemone-u.
914 2170 1236 2242 oettunrvnn-
1259 2172 1310 2233 aa.
1333 2158 1506 2247 teuteus

180 2308 217 2317 -
240 2272 290 2333 78.
315 2272 645 2344 sntaeuotnuers
663 2306 702 2315 -
724 2266 774 2337 no.
801 2276 1073 2345 nenneuouunn
1095 2308 1133 2317 -
1162 2277 1211 2336 80·
1239 2272 1501 2347 euronotu-

185 2376 345 2446 oesero
362 2380 463 2439 —ot
486 2376 833 2447 rusia-cenenum
848 2380 950 2440 -sn
968 2378 1118 2448 intono
1140 2406 1178 2417 —
1197 2376 1503 2448 acoenonoetus

179 2514 218 2525 -.
240 2478 289 2539 oo.
317 2480 388 2547 nra
412 2479 574 2550 inuncto
597 2511 635 2523 —
656 2482 706 2541 oa.
730 2480 1006 2551 serranorum
1022 2512 1059 2523 -
1082 2484 1131 2543 us.
1154 2480 1235 2550 un
1257 2509 1295 2519 -
1317 2483 1368 2544 os.
1391 2480 1501 2551 onir.

183 2668 253 2727 sat.
280 2665 415 2749 (=563).
439 2698 477 2709 -
498 2665 631 2750 Capuae.

880 2808 968 2873 Not

630 2912 669 2975 Ρ·
687 2910 906 2978 ΡΟΜΡΟΝΙ
923 2939 930 2953 ·
947 2913 1051 2977 ost-t

691 3012 950 3080 nonnosum

710 3116 896 3187 CONLEGi

628 3219 945 3287 MERCATORVM

627 3321 958 3389 (oetaueuvnr

1028 3439 1055 3483 a.
1078 3438 1107 3483 u.
1130 3422 1192 3481 oto
1215 3418 1261 3483 vei
1287 3420 1357 3483 sta.

626 3528 819 3595 <utute
835 3530 862 3595 Ν
879 3528 931 3593 to

903 3630 978 3697 (OS

227 3781 317 3847 Circa
346 3782 502 3847 saeculum
534 3780 665 3845 medium
695 3778 856 3866 septimum
885 3778 1027 3845 consules
1055 3798 1092 3844 ex
1122 3786 1210 3861 gente
1244 3778 1425 3865 Calpurnia,
1455 3780 1505 3863 qui

184 3886 286 3961 fuere,
312 3885 374 3950 duo
408 3891 617 3950 numerantur:
641 3883 674 3947 L.
699 3884 883 3969 Calpurnius
910 3884 980 3947 Piso
1003 3902 1031 3947 a.
1063 3902 1090 3946 u.
1120 3886 1180 3945 ota
1212 3888 1241 3945 et
1271 3880 1302 3945 t.
1325 3880 1507 3965 Calpurnius

185 3988 289 4053 Bestia
316 4008 343 4053 a.
365 4008 394 4052 u.
424 3992 495 4054 ota.
524 3987 630 4073 Capua
658 4008 725 4054 eum
757 3990 787 4051 in
817 3986 943 4051 turmam
974 3986 1181 4069 praetenturae
1210 4005 1228 4049 a
1257 3986 1399 4049 Romanis
1428 3990 1509 4049 esset
1583 4012 1586 4019 ⁴

185 4091 308 4155 redacta
330 4100 400 4156 eta
423 4090 587 4158 Praefectis
609 4098 766 4174 regeretur
787 4110 823 4156 ex
845 4088 945 4153 xxvl
967 4087 1040 4153 viris
1064 4088 1161 4152 Roma
1181 4085 1291 4160 missis,
1315 4086 1421 4151 habuit
1442 4085 1502 4151 col-

92 4198 103 4216 '
185 4194 264 4275 legia
286 4193 448 4258 liberorum
471 4193 592 4269 civium,
614 4192 791 4257 libertorum
814 4198 842 4257 et
866 4212 1030 4269 servorum,
1055 4191 1165 4276 quibus
1189 4194 1349 4275 praeerant
1370 4188 1505 4271 magistri

186 4296 241 4360 ΧΠ
263 4317 331 4362 eum
354 4298 417 4360 suis
438 4296 597 4372 ministris,
620 4316 771 4363 sacrorum
806 4315 908 4361 causa.
933 4294 987 4359 His
1015 4313 1088 4359 eura
1116 4290 1174 4357 init
1197 4292 1316 4356 aedium
1350 4289 1507 4355 aediticiu-

187 4418 329 4484 rumque,
359 4398 596 4484 reficiebantque
619 4420 655 4464 en
678 4421 716 4465 ea
738 4397 869 4485 pecunia
891 4418 982 4482 qnam
1005 4396 1140 4479 magistri
1164 4400 1195 4457 et
1218 4391 1362 4471 ministri,
1385 4412 1402 4456 e
1424 4390 1506 4475 lege,
1546 4444 1551 4453 .

187 4500 313 4565 introitu
335 4500 500 4584 magisterii
522 4503 568 4565 vot
590 4500 750 4567 ministerii
780 4497 843 4577 sui,
876 4500 999 4565 honoris
1028 4518 1139 4573 carisa,
1170 4514 1298 4578 erogare
1329 4495 1508 4561 tenebantur

188 4602 220 4667 io
242 4604 329 4669 ludos
352 4604 399 4669 vei
420 4625 476 4691 pro
497 4602 587 4670 ludis.
