3650 5342
684 227 784 286 648

616 350 862 433 Pompei
907 347 1110 430 Magni
1158 349 1414 412 annulus
1473 348 1590 411 tria
1640 347 1932 431 trophaea
1988 349 2288 433 insculpta
2334 350 2563 427 serenS,
2612 349 2746 415 eius
2794 359 3056 435 quatuor
3097 370 3359 417 coronae

706 435 762 497 in
812 431 1072 497 nummis
1117 452 1442 518 expressae
1491 436 1612 495 335

621 519 957 602 ponderum
1004 519 1176 599 signa
1220 536 1378 601 quae
1424 539 1481 601 p.
1533 522 1629 589 13,
1679 521 1756 578 14
1802 520 1928 580 vide
1972 520 2215 580 indicem
2254 523 2566 601 ponderum

616 609 832 686 pontes
877 600 1162 665 miliarios
1209 601 1658 686 tabelariosque
1704 603 1758 664 in
1791 602 1889 665 via
1928 622 2174 685 ponere,
2207 611 2299 666 est
2323 603 2554 688 lapides
2589 603 2873 667 miliarios
2908 611 2967 666 et
2999 603 3359 666 tabellarios

702 684 959 750 basibus
1047 684 1176 750 nasi
1224 686 1502 769 pontibus
1549 687 1871 750 instructos
1921 688 2114 750 facere
2161 691 2283 751 904

619 771 880 854 populus
924 770 1024 853 ple
1072 790 1212 834 esve
1259 772 1454 852 legem
1501 771 1670 835 iubet
1717 775 1899 845 1060,
1947 789 2012 839 78
2058 773 2263 856 populi
2314 774 2514 836 iussus
2570 777 2726 835 1190

617 855 869 918 Porciae
912 854 1080 937 leges
1126 861 1245 918 tres
1291 858 1366 920 de
1411 854 1842 938 provocatione
1889 858 1963 920 ad
2012 857 2302 940 populum
2351 862 2474 919 914
2522 858 2593 920 cf.
2642 861 2761 920 937

661 940 882 1002 ortoria
929 941 1243 1003 terrestria
1289 941 1707 1024 maritimaque
1757 944 1938 1012 1004,
1978 959 2027 1014 2,
2066 958 2123 1009 31
2178 943 2442 1023 portoria
2486 960 2708 1024 capere
2758 945 2952 1015 1004,
2992 959 3022 1005 9
3066 955 3125 1007 31
3177 956 3242 1006 33
3286 959 3362 1008 34

670 1023 913 1086 ostumii
963 1023 1092 1086 Albi
1139 1024 1364 1089 astutia
1407 1029 1526 1089 310

616 1107 927 1254 Postugiga
971 1108 1376 1254 viaoanterior
1417 1128 1468 1173 a.
1516 1111 1638 1173 837
1684 1117 1993 1174 auctorem
2041 1107 2257 1173 habuit
2302 1110 2582 1192 Spurium
2634 1109 3002 1173 Postumium
3041 1111 3357 1173 consulem

702 1209 755 1253 a.
888 1196 947 1266 6,
994 1197 1072 1254 89

615 1273 1006 1357 praeconium
1053 1276 1549 1357 dissignationem
1598 1273 1898 1338 libitinam
1948 1276 2144 1340 facere
2196 1280 2380 1351 1060,
2425 1293 2491 1344 94
2543 1286 2637 1337 104

619 1377 952 1441 praecones
999 1360 1326 1443 quaestorii
1374 1365 1525 1434 988,
1583 1379 1628 1431 ι,
1680 1376 1769 1434 14,
1825 1378 1885 1426 ¹5

615 1443 848 1528 praeda
893 1443 1166 1509 militaris
1213 1450 1352 1519 570,
1389 1449 1529 1518 571,
1564 1461 1669 1507 aes
1717 1444 1996 1509 martium
2044 1447 2188 1522 899,
2218 1444 2483 1529 praedae
2531 1443 2821 1509 decimam
2855 1447 3207 1529 praecipere
3242 1467 3358 1531 pro

700 1546 886 1592 usura
929 1532 1053 1593 899

617 1613 1083 1696 praefericulum
1133 1613 1286 1676 male
1332 1634 1439 1698 pro
1530 1621 1657 1679 utto
1703 1621 2037 1698 usurpatur
2084 1616 2200 1676 476

613 1695 904 1780 praefecti
950 1698 1322 1782 quatuorviri
1366 1700 1427 1762 in
1527 1700 1867 1784 ampaniam
1918 1698 2086 1763 missi
2134 1704 2503 1763 1199-1194
2549 1700 2672 1760 vide
2714 1701 2846 1761 add.

615 1799 981 1863 praenomen
1029 1788 1342 1867 paternum
1391 1783 1615 1846 nomini
1660 1783 1763 1847 filii
1856 1781 2226 1867 raepositum
2266 1788 2389 1847 815
2427 1803 2585 1868 quae
2617 1801 2758 1849 vere
2792 1783 3182 1867 praenomina
3213 1791 3360 1847 suut

699 1865 1027 1950 aliquando
1072 1864 1297 1930 omissa
1340 1868 1399 1933 in
1451 1867 1712 1930 nummis
1759 1885 1798 1929 a
1841 1868 1964 1931 dito
2010 1873 2209 1931 tamen
2256 1869 2619 1951 cognomine
2661 1872 2805 1942 999,
2854 1867 2913 1930 iu
2962 1868 3095 1931 aliis
3150 1887 3361 1932 monu-

699 1951 920 2014 mentis
968 1955 1116 2028 538,
1167 1955 1286 2014 544

614 2040 862 2118 praetor
902 2033 1261 2119 peregrinus
1307 2040 1460 2114 914,
1506 2058 1524 2104 ι
1576 2046 1678 2098 cet.
1726 2044 1969 2119 praetor
2012 2039 2115 2121 qui
2160 2036 2318 2102 inter
2360 2037 2718 2121 peregrinos
2764 2038 2858 2101 ins
2904 2036 3049 2100 dicit
3093 2040 3242 2114 914,
3288 2054 3362 2105 89

700 2121 881 2193 1059,
926 2138 973 2195 1,
1021 2134 1085 2184 94
1129 2135 1194 2186 34
1244 2124 1425 2196 1060,
1460 2136 1496 2186 9
1542 2138 1600 2187 11
1648 2131 1895 2205 praetor
1941 2121 2291 2205 repetundis
2340 2127 2493 2196 914,
2541 2136 2606 2187 35
2652 2132 2753 2184 cet.

611 2211 856 2286 praetor
897 2203 1266 2288 proconsule
1312 2223 1384 2267 ex
1431 2213 1718 2288 praetura
1762 2207 2086 2290 proconsul
2137 2211 2299 2270 1197

611 2294 925 2372 praetores
979 2286 1237 2352 Faleriis
1295 2291 1680 2371 magistratus
1735 2310 2007 2355 summus
2052 2295 2201 2367 559,
2250 2293 2371 2354 808
2419 2288 2615 2354 Corae
2673 2295 2793 2354 829
2842 2298 3086 2374 praetor
3129 2289 3187 2353 in
3232 2290 3349 2353 col.

696 2372 913 2520 brepev.
962 2374 1082 2435 887
1131 2371 1323 2436 Iuliae
1371 2393 1564 2440 novae
1611 2378 1776 2437 9118
1827 2379 1976 2437 1611
2036 2384 2280 2460 praetor
2325 2376 2538 2439 duovir
2581 2375 2860 2439 Telesiae
2911 2379 3076 2438 1608
3114 2383 3360 2458 praetor

747 2475 781 2520 o
809 2475 1013 2520 carum
1061 2460 1216 2519 9991

609 2539 1012 2605 Prometheus
1061 2559 1307 2606 uxorem
1351 2543 1553 2608 Asiam
1600 2544 1917 2629 complexu
1966 2544 2171 2608 fovens
2219 2549 2339 2607 539

608 2643 943 2709 properare
988 2625 1065 2688 ad
1111 2644 1262 2690 onus
1311 2645 1420 2693 seu
1467 2627 1544 2692 ad
1591 2628 1933 2694 onerariam
1980 2648 2192 2693 navem
2239 2627 2577 2692 faciendam
2626 2629 2791 2699 9139

607 2728 860 2795 propom
907 2712 967 2772 in
1016 2714 1270 2775 nummis
1315 2712 1775 2787 beneventanis,
1823 2714 2079 2798 probum
2131 2713 2381 2797 probom
2429 2713 2680 2797 prboum
2727 2713 2785 2775 in
2833 2710 3141 2775 suessanis
3186 2716 3267 2774 64

605 2795 928 2879 propylum
990 2794 1196 2879 templi
1242 2795 1403 2862 lovis
1447 2796 1777 2882 Capitolini
1845 2799 2016 2882 Sylla
2059 2798 2323 2862 restituit
2377 2797 2675 2860 columnis
2730 2795 2999 2859 advectis
3046 2815 3079 2859 e
3126 2798 3352 2879 templo

691 2877 851 2943 lovis
896 2878 1164 2964 Olympii
1211 2879 1401 2945 dorici
1447 2883 1692 2954 ordinis,
1743 2882 1965 2947 moduli
2013 2879 2290 2946 corinthii
2338 2886 2459 2943 999
2506 2880 2821 2965 propylum
2855 2880 3093 2944 Cereris
3119 2888 3177 2945 et
3212 2883 3353 2943 Pro-

691 2966 972 3048 serpinae
1018 2963 1269 3028 Athenis
1321 2970 1484 3030 1069
2439 3005 2444 3010 -

606 3056 965 3134 punctorum
1011 3047 1107 3112 vel
1147 3047 1446 3116 linearum
1480 3053 1558 3116 ad
1590 3051 1913 3117 lectionem
1948 3051 2269 3117 iuvandam
2299 3049 2678 3114 inventorum
2710 3049 2938 3112 formae
2969 3067 3024 3130 p.
3061 3054 3155 3121 15,
3186 3053 3348 3111 1664

692 3140 920 3219 puncta
963 3133 1291 3217 aliquando
1335 3133 1400 3199 in
1445 3154 1702 3221 corpore
1747 3137 1984 3201 litterae
2033 3138 2230 3219 posita
2260 3133 2616 3219 separandis
2649 3133 2817 3214 siglis
2863 3131 3138 3197 adhibita
3174 3154 3230 3216 p.
3274 3137 3352 3193 ⁴5

606 3223 890 3303 punctum
935 3217 1249 3281 vocalibus
1293 3220 1639 3304 impositum
1685 3241 1799 3304 per
1844 3220 2283 3304 diphthongum
2318 3226 2422 3283 ant
2451 3215 2923 3299 geminationem
2956 3225 3136 3282 antea
3165 3218 3352 3280 scribi

689 3301 881 3367 solitis
925 3320 983 3384 p.
1033 3307 1098 3365 3t
1157 3311 1384 3386 puncta
1425 3304 1953 3388 interstinguentia
2000 3307 2057 3367 in
2106 3305 2223 3367 fine
2273 3322 2500 3379 versus,
2547 3303 2664 3365 nisi
2716 3304 2772 3365 iu
2809 3300 3002 3383 sigliS‚
3036 3310 3235 3367 aetate
3265 3301 3350 3364 rei

690 3407 748 3470 p.
795 3405 913 3450 non
961 3385 1137 3450 facile
1184 3388 1449 3472 appositi
1499 3412 1557 3475 p.
1609 3394 1683 3453 43

604 3478 894 3555 punctum
941 3471 1002 3535 in
1049 3469 1288 3535 litterae
1333 3492 1588 3559 corpore
1635 3496 1692 3558 p.
1740 3480 1816 3537 15
1864 3495 1922 3536 n.
1971 3477 2048 3536 66
2095 3495 2169 3546 ee,
2220 3482 2359 3539 ante
2404 3479 2462 3536 et
2506 3478 2640 3556 post
2684 3470 2945 3535 litteram
2980 3470 3348 3553 singularem

691 3558 839 3629 507,
887 3558 1084 3629 9339,
1136 3574 1438 3641 nunquam
1506 3565 1745 3642 praeter
1813 3565 2159 3622 contextum
2221 3565 2359 3641 post
2400 3558 2658 3621 litteram
2718 3555 3087 3638 singularem
3135 3557 3341 3638 expri-

691 3648 953 3705 mentem
1002 3657 1214 3703 nomen
1265 3642 1434 3707 urbis
1481 3648 1563 3706 75
1610 3647 1641 3705 b

603 3748 638 3805 q
682 3744 718 3788 a
761 3723 942 3789 Doris
987 3729 1046 3786 et
1090 3723 1611 3804 Chalcidensibus,
1648 3725 1789 3791 'eius
1838 3729 2067 3791 formae
2112 3729 2467 3790 vetustiores
2515 3734 2573 3788 et
2618 3726 3068 3788 vetustissimae
3113 3742 3168 3804 p.
3222 3727 3256 3782 5

602 3832 638 3892 q
687 3810 828 3893 poni
876 3810 1079 3892 coepit
1123 3827 1232 3891 pro
1277 3833 1306 3873 c
1351 3819 1491 3876 ante
1534 3814 1576 3886 i,
1623 3833 1674 3886 ο,
1721 3833 1760 3873 ιι
1801 3811 2046 3876 saeculo
2094 3811 2325 3895 quinto,
2366 3818 2472 3875 aut
2500 3818 2688 3882 sexto,
2723 3830 2834 3889 quo
2857 3828 2971 3893 pro
3004 3828 3067 3870 oo
3097 3808 3349 3871 saeculo

688 3899 885 3967 sexto,
932 3913 1006 3973 qu
1053 3912 1160 3977 pro
1205 3914 1273 3956 cu
1316 3894 1562 3961 saeculo
1609 3899 1888 3979 septimo,
1935 3902 2184 3959 auctore
2228 3897 2412 3959 Accio
2458 3895 2741 3969 fortasse,
2790 3913 2849 3976 p.
2897 3898 2978 3956 93
3024 3898 3236 3956 contra
3278 3911 3350 3953 cu

687 3996 796 4061 pro
841 3997 947 4058 quo
991 3978 1050 4040 in
1096 3978 1455 4060 propincus,
1499 3999 1712 4057 aecuS,
1758 3988 1874 4044 cet.
1920 3980 2118 4045 serius
2164 3980 2444 4063 usurpari
2492 3977 2707 4063 coepit.
2755 3976 2904 4041 ibid.

602 4061 1074 4146 quadragesima
1119 4062 1552 4129 Paestanorum
1599 4069 1677 4129 66
1723 4084 1801 4128 aa
1844 4065 1974 4127 vide
2018 4066 2152 4129 add.

603 4146 909 4232 quadrans
955 4152 1016 4231 ty
1062 4169 1097 4213 o
1144 4147 1431 4213 sextantis
1478 4151 1713 4214 romani
1764 4152 1842 4212 30
1888 4151 1927 4209 d
3014 4211 3053 4231 ν

603 4231 976 4312 qualum-viri
1070 4232 1322 4315 ompeiis
1371 4236 1533 4298 1678
1582 4238 1763 4308 1679,
1815 4238 2000 4309 1680,
2051 4237 2202 4297 1601
2245 4240 2505 4318 quatuor
2535 4231 2626 4295 vir
2658 4232 2675 4294 i
2712 4229 2770 4293 d.
2809 4229 3041 4293 Vibone
3074 4228 3345 4292 Valentia

691 4320 873 4388 1714,
918 4314 1162 4380 Canusii
1210 4319 1403 4395 1737,
1453 4322 1638 4398 1738,
1683 4315 1928 4382 Corfinii
1980 4320 2173 4393 1790,
2225 4321 2406 4392 1791,
2457 4315 2736 4381 Volsiniis
2785 4319 2970 4390 1947,
3017 4311 3348 4376 volaterris

687 4404 871 4475 9071,
916 4398 1294 4465 Interamnae
1340 4402 1690 4467 Nahartium
1737 4406 1922 4478 9080,
1969 4402 2195 4486 Spoleti
2243 4406 2427 4478 9084,
2475 4399 2680 4464 Larini
2730 4402 2915 4474 1751,
2964 4401 2981 4460 i
3028 4398 3086 4461 d.
3134 4399 3341 4481 quinq.

687 4484 913 4548 Pinnae
968 4488 1157 4562 2⁴04,
1196 4505 1228 4552 2
1276 4489 1417 4564 106,
1478 4488 1678 4551 Paesti
1725 4492 1802 4552 66
1852 4491 1872 4548 i
1914 4509 1952 4548 u
1996 4509 2043 4564 z,
2094 4487 2378 4551 Mantuae
2424 4490 2612 4562 9143,
2659 4486 2871 4568 quinq.
2918 4481 3114 4548 Caudi
3164 4485 3346 4558 1668,
