3650 5342
1419 269 1467 328 tat
1592 262 1599 274 ’

166 394 284 460 aestino
307 394 354 459 ad'
367 394 473 459 aedem
497 395 527 458 S.
552 392 648 459 llncbi
671 403 821 478 repertam
837 392 944 460 cistam
960 391 1082 470 scimus,
1097 391 1185 458 stat
1201 391 1371 458 Palestrina
1384 413 1414 478 p.
1431 397 1481 456 un.

164 495 380 562 Mommsenius
396 494 548 582 quaesivit
562 517 581 560 a
594 495 730 563 hunnio
747 505 880 562 essetne
896 494 1054 581 speculum
1070 515 1141 562 nere
1157 492 1325 579 antiquum,
1339 503 1370 560 et
1385 491 1480 560 Brun·

166 601 232 666 nius
255 601 425 685 respondit,
449 619 507 664 non
531 598 649 686 liquere
671 587 730 664 sibi
753 599 893 666 sincerae
916 598 1109 684 antiquitatis
1129 597 1224 664 indici
1244 595 1481 684 imperitissimo,

166 710 255 768 recte.
272 703 332 782 Qut
349 703 472 767 Graecis
491 701 689 777 Πολυδεύκης,
707 700 816 768 Tuscis
834 707 1020 779 astatus,
1038 699 1147 788 priscis
1164 699 1281 766 Latinis
1300 706 1479 772 POPOOES

165 813 364 892 nuncupatur.
382 804 535 883 Castoris,
552 804 594 870 ait
608 804 704 870 Varro
722 806 776 889 (de
791 805 860 870 tu.
878 805 913 882 V,
929 806 1005 888 ts),
1022 825 1131 871 nomen
1147 823 1287 887 graecum
1303 809 1335 869 et
1349 803 1480 868 Pollucis

167 929 183 974 a
211 911 329 993 graecis
358 911 387 972 in
417 908 519 974 latinis
548 907 655 974 litteris
685 909 839 974 celeribus
870 909 1111 994 nomen,‚qnud
1140 914 1205 982 est,
1231 905 1425 982 inscribitur,
1447 914 1481 971 ut

167 1011 365 1088 Πολυδεύκης,
387 1012 546 1088 Polluces,
570 1031 628 1076 non
649 1019 683 1077 ut
704 1031 783 1078 nunc
806 1013 920 1079 Pollux.
954 1012 1053 1077 bosna
1075 1034 1090 1074 o
1111 1012 1257 1076 insertum
1279 1011 1388 1086 babet,
1410 1029 1479 1074 nam

166 1116 258 1179 veteri
287 1134 370 1180 more
397 1114 574 1180 scribebant
597 1135 710 1190 cesna,
733 1135 870 1200 poesna,
893 1133 1009 1203 pesna‚
1031 1133 1086 1199 pro
1109 1132 1205 1190 cena,
1228 1131 1348 1199 poena,
1371 1131 1480 1197 penna.

165 1219 291 1283 Amuces
315 1218 462 1284 Oscorum
487 1237 569 1284 more
591 1237 645 1304 pro
667 1219 809 1284 Amanus.

169 1427 236 1488 530.
260 1461 299 1471 —-
322 1423 486 1488 Praeneste
507 1409 671 1510 repertum.

942 1625 1049 1691 Castor
1069 1625 1174 1692 babitu
1191 1623 1378 1689 discedentis
1391 1643 1409 1687 a
1423 1644 1479 1710 pu·

358 1719 526 1787 nultos
573 1719 783 1786 eototcts
899 1748 973 1813 gna,
995 1727 1113 1793 hastam
1135 1727 1262 1808 humero
1284 1725 1478 1812 reclinatum,

897 1830 1010 1916 pileum
1033 1851 1050 1895 e
1072 1830 1151 1896 nodo
1179 1848 1358 1915 suspensum
1387 1847 1479 1896 menn

898 1935 1010 1998 lerens.
1021 1935 1154 2019 Amycus
1168 1931 1285 1999 arboris
1297 1939 1404 1996 trunco
1415 1929 1482 1997 nin-

167 2047 232 2102 ctus
254 2038 342 2112 toris,
366 2037 471 2103 Pollux
494 2037 596 2101 bastae
620 2037 756 2101 innixus:
780 2056 859 2121 pone
882 2036 1113 2102 leontochesma
1133 2054 1242 2120 aquam
1264 2054 1397 2100 vomens.

208 2141 322 2205 Prodiit
343 2138 374 2203 in
397 2138 521 2224 Ephem.
544 2137 642 2203 instit.
665 2138 782 2204 boruss.
808 2143 898 2216 tuno,
923 2145 961 2203 tt
984 2146 1014 2203 et
1035 2140 1067 2204 in
1089 2137 1197 2202 Annal.
1220 2141 1312 2213 tuot,
1335 2143 1393 2202 tan.
1415 2133 1478 2212 vu,

168 2247 196 2314 3,
212 2263 240 2328 p.
258 2246 327 2306 tus.
351 2241 411 2321 Qui
433 2239 464 2304 in
488 2242 613 2326 speculo
635 2239 794 2327 superiore
817 2247 862 2304 eet
884 2242 1029 2315 Amnem,
1051 2239 1102 2306 hin
1118 2245 1259 2316 Aruacos,
1275 2238 1328 2326 qui
1342 2239 1480 2313 Poloces,

166 2344 216 2408 hic
239 2343 399 2409 Polouoes:
424 2344 467 2407 sic
491 2344 571 2408 loris
595 2352 625 2408 et
646 2344 750 2421 loros,
767 2363 871 2409 sorore
889 2351 919 2408 et
933 2361 1070 2420 onerare,
1085 2341 1260 2428 poublicnm
1275 2349 1305 2406 et
1317 2341 1478 2428 poblicum.
1592 2341 1598 2350 '

167 2551 237 2611 ott.
265 2584 295 2597 -
324 2547 489 2612 Praeneste
512 2547 672 2612 inventum.

272 2759 377 2829 'tells
422 2761 521 2829 hihi(
569 2760 792 2829 ntcutnettn
964 2754 1067 2819 Thetis
1090 2755 1211 2820 Aiacem
1233 2757 1324 2821 armis
1345 2756 1478 2830 instruit,

528 2861 533 2874 '
712 2862 720 2891 ²
919 2857 1029 2942 quibus
1062 2877 1096 2922 se
1127 2858 1177 2922 ille
1209 2856 1310 2923 induit
1340 2859 1479 2923 adstante

166 2963 311 3029 Alcmena
333 2981 400 3025 cum
424 2960 487 3046 lyra
509 2966 539 3026 et
560 2961 690 3052 plectro,
713 2980 790 3046 pone
813 2960 943 3026 Silenus.

208 3065 324 3129 Prndiit
345 3064 373 3128 in
397 3065 506 3129 huual.
529 3064 625 3127 instit.
648 3063 768 3127 boruss
794 3067 890 3138 tatu,
914 3071 972 3128 tau.
994 3062 1107 3141 xxti,
1130 3063 1228 3137 XXV,
1251 3083 1279 3149 p.
1302 3069 1374 3128 aut.
1398 3064 1478 3129 Telis
1607 3095 1611 3101 ·

169 3169 301 3251 antiquis
315 3166 419 3231 Thetis
435 3165 632 3230 midunium
648 3166 722 3232 citat
737 3167 831 3231 Varro
849 3167 902 3250 (de
920 3166 989 3230 bb.
1008 3165 1071 3243 llll,
1088 3168 1161 3245 All:
1176 3167 1298 3232 Dicitur
1312 3187 1331 3232 a
1345 3167 1477 3253 lympha,

169 3268 320 3356 Nympha,
344 3275 376 3332 ut
396 3267 499 3333 'Phelis
516 3269 596 3354 apud
612 3269 755 3344 Graecos,
771 3268 874 3332 Thetis
889 3269 970 3354 apud
987 3269 1128 3334 Ennium:
1143 3269 1187 3333 lio
1201 3268 1301 3334 Thelis
1316 3268 1359 3333 illi
1374 3277 1479 3335 mater.

167 3372 241 3438 item
265 3373 358 3436 Varro
383 3370 437 3454 (de
460 3372 531 3435 lttt.
556 3371 614 3446 ΙΙΙ,
633 3391 657 3435 o.
676 3372 730 3454 dl:
765 3371 885 3456 Antiqui
909 3379 943 3437 ut
964 3372 1097 3446 Thetim,
1121 3371 1236 3436 Thelim
1260 3371 1411 3448 dicebant,
1433 3375 1479 3438 sio

167 3475 336 3551 hledicam,
360 3473 498 3539 hlelioam
521 3473 680 3539 vocabant.
714 3475 906 3540 Alcumenam
930 3473 1043 3561 passim
1067 3474 1191 3540 Plautus
1213 3476 1242 3540 in
1264 3475 1480 3561 Amphitruone

166 3584 301 3662 usurpat.
324 3577 438 3641 Artifex
461 3595 517 3660 pro
540 3575 655 3641 Achille
677 3577 799 3642 Aiacem
821 3579 951 3664 scripsit.

168 3783 236 3844 532,
261 3781 360 3864 (256,
383 3780 409 3858 l,
433 3780 484 3863 G).
510 3815 547 3828 -
572 3780 605 3844 ln
627 3798 731 3846 museo
754 3779 961 3847 Kircberiano.

275 3989 383 4054 tutto
431 3988 545 4068 tonet-
588 3987 763 4056 ildmll
942 3984 1079 4070 luppiter
1098 3983 1129 4049 in
1161 3986 1376 4052 solio‘sedet:
1409 3987 1478 4053 hinc

898 4085 985 4152 virile
1003 4088 1171 4154 membrum
1187 4097 1217 4155 et
1232 4089 1380 4155 Hercules
1395 4090 1480 4155 class

166 4187 346 4266 instructus,
370 4185 442 4254 inde
466 4186 613 4254 muliebre
638 4207 726 4254 secus
749 4195 780 4252 et
801 4189 876 4254 luno
898 4207 1015 4256 ramum
1037 4192 1138 4257 ferens
1160 4211 1249 4256 manu
1272 4193 1405 4258 dimissa.

207 4287 370 4374 Descripsi.
393 4290 468 4355 luno
490 4297 521 4354 et
542 4290 689 4358 Hercules
712 4293 776 4357 lovi
800 4301 952 4378 tamquam
975 4293 1181 4377 generationis
1197 4295 1347 4360 humanae
1363 4296 1478 4361 auctori

108 4401 111 4410 ’
165 4394 309 4458 bonorem
333 4392 421 4471 daut,
451 4393 509 4479 ipsi
533 4395 711 4461 administri.
736 4396 818 4461 lovei
841 4394 1027 4462 liitsobelius
1049 4399 1146 4482 primo
1168 4399 1383 4463 nominativum
1405 4400 1480 4464 dixit

167 4495 213 4578 (in
238 4493 283 4558 tit.
305 4515 426 4560 mamm.
452 4502 543 4573 tuae,
565 4520 594 4584 p.
616 4499 703 4583 xit)
728 4499 948 4585 adstipulatore
969 4500 1134 4566 Henaeuio:
1156 4501 1276 4567 Deinde
1298 4501 1403 4568 lahnio
1424 4522 1477 4569 au·
1545 4512 1548 4518 “

167 4605 251 4664 olore
273 4598 460 4669 intellexisse
483 4621 516 4666 se
539 4599 583 4666 ait
603 4622 659 4688 pro
682 4602 784 4668 dativo
806 4601 979 4669 babendum
1004 4604 1125 4688 (Enarr.
1141 4605 1200 4670 tab.
1216 4607 1238 4683 l,
1255 4625 1283 4691 p.
1299 4608 1344 4691 3).
1366 4605 1479 4673 Iterum
