3650 5342
280 361 1227 442 DESiNlTE·NHV-QVESTVtMiiVMM·FVNQERE

279 464 1242 534 §fit-truvrrntncttnutttotfitsnotnrrnreirvei

229 564 256 601 ¹⁸
281 567 1223 650 tntto-aronenrntetcetsnotfirtonuontrttuns

281 670 1328 753 nvncovontteon-returns&nonomenrodono

176 785 180 790 '
278 772 1149 855 AEQVO·VOS·FERRE·<0N(ORDESQVE·ViVERE

279 874 1287 958 euneos·desum-ntontvrnentrvnnneutrtcnntr

279 975 1315 1061 SVAEGNATAESiBEiQVE·VXORi·HAN(·(0NSTiTVtT

228 1075 254 1111 '⁰
278 1080 1337 1151 superadnumeretures·enutteu·nev0nn·ueeeue

214 1230 375 1317 Supplevit
394 1229 546 1316 Hauptius
569 1230 719 1295 adnotans
743 1231 894 1315 quaedam
929 1247 996 1293 esse
1026 1249 1044 1294 a
1072 1226 1268 1314 quadratario
1298 1228 1417 1294 turbata
1444 1235 1496 1294 aut

171 1333 283 1399 omissa
304 1339 358 1399 aut
379 1340 543 1398 errata-
558 1333 592 1396 V.
614 1338 634 1397 ι
656 1331 730 1416 legit
754 1333 842 1398 Proto
865 1339 899 1396 ut
922 1332 962 1395 sit
984 1351 1091 1396 nomeu
1114 1349 1227 1417 graeca
1246 1330 1342 1396 torma
1359 1328 1494 1396 mulieris

171 1435 340 1502 deiunctae.
358 1432 392 1498 V.
412 1439 430 1499 3
448 1434 570 1521 supplet
587 1434 726 1500 crudeles
746 1434 910 1520 (paroaetz
929 1433 1038 1500 meiius
1055 1439 1127 1517 puto
1145 1433 1283 1499 infestae.
1302 1433 1337 1498 V.
1356 1438 1374 1498 6
1395 1439 1496 1498 monet
1565 1423 1566 1428 ’

171 1540 354 1625 sculptorem
377 1537 457 1603 male
474 1534 639 1613 traiecisse,
664 1545 793 1624 pareret,
817 1537 992 1622 debereque
1009 1537 1069 1620 legi
1086 1542 1215 1620 patrono
1230 1544 1361 1620 pareret.
1376 1533 1439 1620 Ego
1456 1539 1494 1600 tt

173 1640 299 1707 duorum
322 1659 464 1707 vemuum
487 1659 658 1705 mensuram
682 1647 857 1726 peccantem
881 1639 1010 1706 emendo
1033 1639 1092 1703 sio:

360 1777 411 1843 Sei
434 1775 465 1840 iu
488 1777 550 1842 uita
569 1777 701 1842 iucunda
722 1784 753 1840 et
774 1777 942 1861 voluptatei
967 1775 1037 1842 inei.

361 1879 432 1945 Viro
452 1888 542 1966 atque
565 1881 707 1944 ameiceis
730 1885 821 1963 atque
845 1879 942 1945 noteis
965 1877 1113 1944 omnibus.

213 2021 287 2084 item
310 2039 338 2084 v.
362 2023 400 2082 to
423 2018 495 2083 mihi
518 2016 637 2083 ridetur
660 2036 766 2081 vorsus
789 2016 833 2082 sic
854 2017 1077 2084 restituendus:

359 2154 479 2220 Gnatae
501 2155 575 2218 sibei
600 2160 691 2238 atque
714 2156 799 2220 uxori
822 2153 902 2219 hano
926 2155 1083 2219 constituit
1105 2152 1235 2218 domum.

213 2289 401 2355 Schraderns
424 2297 506 2354 reete
530 2298 591 2354 tres
615 2291 734 2388 uitimqs
756 2309 863 2356 versuo
878 2290 1043 2375 iocatpost
1057 2309 1176 2354 versum
1191 2287 1385 2354 undecimum
1403 2287 1494 2373 [apud

169 2392 332 2459 Burmann.
350 2393 469 2459 dnthol.
493 2395 579 2458 duct.
601 2392 666 2458 Lat.
690 2391 735 2470 li,
761 2413 788 2457 u.
812 2392 914 2476 LXX).
939 2392 1061 2472 Quibus
1084 2389 1288 2478 praemonitis,
1313 2398 1406 2456 totum
1429 2391 1494 2476 opi·

170 2514 307 2578 gramma
329 2495 375 2561 sic
396 2496 459 2561 iere
483 2496 645 2590 tegendum
669 2498 741 2560 erit:

361 2633 436 2699 Heio
458 2640 504 2698 est
525 2633 646 2719 sepulta
668 2631 794 2711 Quincti
817 2634 914 2697 Rauoi
938 2633 1000 2698 filia
1027 2711 1030 2718 Δ

357 2735 482 2814 Quincti
504 2735 623 2810 liberti,
648 2735 755 2811 Prote,
779 2733 852 2819 quoi
875 2735 968 2800 iatum
992 2754 1084 2818 grave

357 2837 490 2902 lniestae
513 2856 624 2922 parcae
648 2857 684 2901 ao
707 2836 794 2901 finem
818 2835 899 2902 vitae
922 2844 1095 2903 statuerunt

358 2937 412 3004 Vir
435 2959 528 3026 quom
550 2945 632 3004 esset
653 2939 699 3003 bis
718 2939 822 3003 decem
845 2941 951 3004 anneis
974 2947 1060 3017 nata,
1083 2935 1264 3022 indiguitert

357 3043 433 3108 Nam
457 3043 538 3127 quod
561 3041 699 3126 concepit
720 3041 867 3107 teiberum
891 3061 992 3106 semen
1017 3041 1138 3128 duplex,

246 3175 250 3185 ·
359 3144 458 3224 Quom
481 3144 541 3210 iam
565 3151 684 3228 pareret
706 3152 832 3229 patrono
855 3143 1000 3210 auritium
1024 3152 1052 3209 et
1075 3145 1167 3212 decus

345 3247 503 3313 'Futurum
527 3249 565 3312 ad
588 3255 697 3314 cuncta
719 3248 878 3313 commoda
900 3256 992 3334 atque
1015 3247 1217 3324 incommoda,

358 3350 484 3416 lmmitis
508 3370 587 3417 mors
610 3349 721 3435 eripuit
742 3351 825 3416 sueis
847 3352 1033 3436 parentibus.

357 3453 444 3519 Nunc
465 3452 507 3520 ilii
530 3473 646 3520 summo
670 3457 699 3518 in
723 3455 807 3520 luctu
830 3475 865 3521 ac
887 3454 1090 3521 sollicitudine

358 3556 435 3623 Prae
456 3557 609 3622 desiderio
632 3566 743 3640 gnatae
761 3558 851 3623 fletus
873 3557 905 3621 iu
929 3558 995 3623 dies

357 3658 459 3725 Edunt
480 3660 559 3724 sibei
583 3679 649 3725 esse
673 3662 764 3725 talem
788 3669 925 3746 ereptam
947 3661 1070 3726 ieiliam.

356 3761 441 3841 Quas
464 3762 502 3827 ob
524 3783 572 3827 res
595 3763 652 3828 hoo
674 3772 898 3829 mouumentum
923 3763 1094 3829 aedificavit
1116 3771 1202 3848 pater
1264 3751 1270 3762 ’

357 3864 475 3930 Gnatae
497 3865 574 3930 sibei
597 3872 689 3950 atque
713 3865 798 3931 uxori
822 3866 900 3930 hanc
923 3866 1079 3932 constituit
1100 3865 1221 3932 domum

240 4025 244 4030 .
357 3967 533 4041 Aeternam,
555 3966 627 4032 ubei
650 3987 756 4034 omnes
778 3970 893 4053 pariter
916 3987 1022 4034 aevom
1046 3971 1202 4054 degerent.

360 4071 447 4134 Pater
470 4073 527 4135 mei
550 4079 580 4134 et
602 4073 739 4154 genetrix
763 4090 907 4155 germana
930 4092 983 4138 oro
1006 4079 1097 4157 atque
1120 4073 1247 4138 obsecro

357 4173 492 4237 Desinite
514 4174 599 4238 luctu
621 4182 732 4259 questu
755 4175 896 4240 lacrimas
920 4175 1056 4250 sundere,

355 4273 407 4339 Sei
430 4277 462 4338 in
484 4276 547 4340 vita
569 4277 704 4342 iucunda
725 4283 756 4342 et
779 4277 944 4362 voluptatei
968 4277 1031 4342 inei

357 4375 428 4441 Viro
451 4385 541 4463 atque
563 4376 705 4445 ameiceis
728 4387 819 4465 atque
844 4378 924 4445 notis
948 4381 1096 4446 omuibus.

358 4479 460 4559 Nune,
483 4483 626 4565 quoniam
651 4482 744 4548 fotum
767 4503 802 4548 se
824 4485 866 4546 ita
888 4481 969 4560 tolit,
997 4483 1097 4548 animo
1119 4481 1187 4549 volo

356 4587 463 4667 Aequo
485 4601 539 4648 vos
561 4584 640 4650 terre
663 4587 890 4669 concordesque
915 4575 1026 4653 vivere.
