3650 5342
1399 259 1471 320 ‘lt'l

168 388 240 448 tot.
265 382 391 465 (dot,
414 383 456 458 ll,
480 383 518 466 ι).
542 417 580 432 -
604 383 637 446 ln
661 403 766 448 nauseo
788 382 997 450 llirolseriano.

334 595 360 656 Τ
624 587 836 671 Fragmentum
854 585 986 652 laminae
1004 584 1190 671 quadratae,
1207 583 1296 650 cuius
1313 585 1400 651 laeva
1414 603 1487 670 pars

326 695 362 761 lo
582 687 693 754 amissa
710 689 808 772 legem
827 688 961 773 aliquam
979 687 1018 752 ad
1035 705 1126 752 sacra
1143 687 1273 752 lortasse
1287 684 1487 772 pertinentem

305 798 360 861 ΑΤ
583 788 704 857 videtur
731 789 927 876 praetulisse.
960 789 1147 859 litterani
1176 810 1204 854 r.
1229 795 1245 854 t
1269 789 1390 854 numeri
1419 788 1488 854 loco

352 900 370 964 i
584 894 724 960 habenda
746 913 804 958 non
828 902 893 970 est,
916 893 972 960 hae
994 891 1075 958 enirn
1097 900 1197 958 aetate
1220 894 1298 958 duas
1318 890 1425 957 lsabuit
1441 891 1490 955 in·

281 1003 305 1066 ν
320 1000 383 1068 ΑΒ
401 979 407 994 ’
583 997 664 1063 ierne
682 997 777 1062 lineas
795 997 835 1063 ad
853 997 998 1080 angulum
1018 994 1130 1071 flexos,
1146 998 1194 1062 rel
1208 996 1361 1071 lunulam,
1379 1001 1425 1070 t,
1445 1001 1488 1070 l:

273 1100 403 1170 vetti
583 1100 640 1163 erit
654 1097 747 1181 igitur
762 1105 833 1165 nota
849 1119 910 1185 qua
925 1098 1054 1164 libertus
1069 1098 1272 1184 significatur,
1288 1097 1382 1182 idque
1397 1095 1487 1162 etiam

273 1205 384 1271 (ott
584 1200 743 1267 conlirmat
764 1203 894 1288 epatium
919 1190 1048 1268 vaccum
1071 1203 1271 1288 praecedens.

274 1306 406 1374 tarsen

166 1508 236 1568 tta.
260 1503 380 1589 (2⁴9³,
404 1503 440 1568 Vl
463 1505 507 1588 sl.
531 1541 571 1553 -
594 1505 719 1572 Lamina
741 1509 834 1574 musei
858 1505 992 1572 Gatheai
1014 1509 1156 1594 utrinque
1178 1507 1301 1592 scripta.
1356 1552 1362 1563 .

483 1717 735 1785 *ttulit-tato(
999 1720 1035 1783 lll

378 1875 381 1880 ,
486 1820 726 1888 {etone-fvt
1000 1821 1073 1885 llli'

484 1924 632 1991 ttnttttt
1000 1924 1035 1989 ts

484 2030 511 2093 Τ
536 2027 656 2092 ΡΟΝΤ
1002 2024 1111 2092 ttotn

211 2223 336 2290 Videtur
356 2244 384 2288 v.
408 2229 426 2288 3
449 2244 541 2310 posse
563 2224 700 2309 suppleri
724 2223 869 2290 conlatud
893 2243 1002 2308 nempe
1023 2221 1119 2288 airid:
1142 2228 1248 2288 celera
1269 2225 1404 2289 ineerta..

169 2437 237 2495 553.
263 2469 302 2481 -
325 2431 448 2496 Lamina
470 2451 562 2497 aerea
584 2433 714 2498 rotunda
737 2431 879 2518 utrinque
902 2433 1015 2518 scripta
1037 2431 1164 2497 llomern
1186 2451 1224 2496 ex
1246 2453 1321 2515 agro
1344 2431 1443 2498 allata.
1478 2482 1482 2488 .

528 2642 661 2713 tillon
999 2641 1125 2711 :ared

486 2744 699 2813 tettae-nt
954 2743 1143 2814 ιιιιινιῑαι

489 2846 699 2914 tunsone
960 2846 1173 2913 ÷t<oonztt

956 2947 1158 3031 unitor}

995 3050 1069 3117 oon
1117 3051 1139 3119 t>

211 3263 341 3327 Litterae
369 3263 399 3326 in
433 3258 645 3348 titulo'primo
676 3263 743 3327 loco
773 3263 872 3349 posito
900 3264 1077 3344 graciliores
1105 3271 1177 3329 sunt
1198 3271 1229 3328 et
1250 3283 1344 3349 gyrus
1367 3269 1495 3348 apparet

169 3365 278 3430 malleo
301 3383 488 3448 percussus,
510 3368 562 3450 qui
586 3372 616 3428 et
638 3367 771 3451 aliquam
794 3367 925 3430 litteram
949 3364 1077 3431 fortasse
1101 3365 1287 3440 obliteravit,
1309 3365 1342 3430 in
1364 3365 1495 3430 laminae

170 3467 268 3532 medio
287 3473 431 3550 puuctum
449 3467 561 3532 laetum
579 3475 708 3552 apparet
725 3467 762 3530 ad
779 3466 996 3554 excipiendum
1011 3468 1121 3553 pedem
1137 3467 1261 3543 circini,
1277 3469 1329 3554 qui
1345 3466 1495 3533 circulum

171 3571 300 3636 laminae
323 3571 473 3635 secandae
496 3568 637 3650 signavit.
667 3569 823 3636 laminam
846 3570 1005 3636 rotundam
1029 3589 1066 3634 eo
1086 3577 1177 3658 pacto
1199 3572 1334 3636 excisam
1357 3571 1428 3635 olim
1451 3567 1495 3634 in-

172 3679 291 3738 ventam
308 3673 338 3738 in
353 3671 479 3758 regione
499 3673 618 3758 pedana
632 3692 728 3760 prope
745 3673 935 3739 Gallicanum
953 3673 1012 3736 ridi
1028 3683 1059 3739 et
1073 3674 1181 3739 charta
1195 3674 1342 3759 expressi.
1357 3673 1494 3739 Graecae

172 3783 238 3840 erat
260 3774 448 3860 epigraphae
471 3775 687 3858 fragmentum,
712 3777 792 3860 quod
817 3776 896 3841 edidi
920 3774 953 3840 in
975 3796 1023 3862 op.
1049 3778 1060 3840 l
1084 3776 1200 3842 Piombi
1224 3776 1336 3843 antichi
1355 3796 1383 3841 a.
1400 3779 1493 3840 l8l'l.

175 3878 280 3962 Vpeim
310 3877 438 3942 fortasse
460 3897 515 3964 pro
538 3878 699 3963 Opelmio:
737 3879 808 3964 Upis
838 3897 909 3944 osce
933 3880 1038 3943 eadem
1062 3899 1142 3965 quae
1164 3879 1249 3964 Opis.
1273 3915 1290 3928 -
1312 3879 1402 3944 laeva
1423 3898 1443 3963 p
1465 3897 1495 3942 m

173 3981 379 4046 videturesse
398 3980 475 4046 male
491 3980 672 4066 insculptum
690 4000 743 4066 pro
761 3982 867 4046 laerad
884 4001 911 4045 m
927 4032 955 4045 ..
978 3983 1083 4047 coniar
1101 3988 1252 4054 (volito
1269 3999 1322 4066 pro
1338 3984 1494 4054 (νΡΙῠΟ

170 4083 276 4148 eadem
297 4105 316 4164 p
338 4089 370 4148 et
391 4085 410 4145 d
431 4083 660 4167 permutatione.
685 4119 700 4132 -
723 4083 808 4149 Luad
832 4103 889 4148 ma.
912 4103 1003 4148 casus
1025 4092 1130 4151 sentus
1148 4092 1212 4160 est,
1232 4084 1428 4168 continetque
1443 4101 1496 4147 no·

173 4203 241 4250 meu
264 4185 347 4250 Luae
370 4185 476 4250 llatris
499 4185 544 4250 sio
567 4187 647 4250 enim
670 4186 889 4271 appellabatur.
915 4185 1018 4251 Altera
1033 4208 1068 4253 ex
1085 4195 1172 4272 parte
1189 4187 1310 4252 litterae
1327 4191 1398 4251 sunt
1415 4202 1499 4251 cras·

173 4291 289 4364 olores,
319 4287 507 4370 angulosae,
539 4288 634 4352 rerba
655 4289 776 4372 punctis
800 4287 967 4352 identidem
990 4291 1199 4365 interstincta,
1222 4308 1282 4354 non
1304 4286 1446 4371 integra,
1468 4295 1499 4351 el

173 4409 228 4475 pro
252 4387 352 4455 lubitu
374 4389 553 4475 supplenda.
579 4389 681 4476 speci
707 4369 712 4496 l
735 4409 799 4454 rom
814 4410 869 4455 -co
894 4368 899 4496 l
922 4391 1068 4474 vleicom,
1090 4412 1125 4455 su
1150 4369 1156 4497 J
1180 4409 1325 4475 ras-ope
1350 4365 1357 4495 Ι
1379 4408 1428 4454 cm
1451 4409 1486 4474 p.
