3650 5342
1403 283 1437 338 to

166 406 202 468 ad
219 405 449 486 Tormarangm,
469 423 547 490 quae
566 413 614 470 est
633 407 720 471 turris
736 405 968 470 ornaranthiana
985 404 1096 489 (vicum
1114 403 1188 470 dinit
1204 403 1451 487 llommseniuslz

168 506 280 573 illatum
304 515 351 572 est
371 507 402 572 in
427 509 565 574 lluseum
589 507 819 574 Kircherianum
843 529 861 574 a
885 507 1031 574 hlarchio.

136 615 174 674 to.
197 611 231 694 (ε
246 612 310 692 tt.)
339 617 530 684 llohlllth
551 611 580 676 in
603 615 732 696 postica.

291 713 392 798 Caput
413 713 517 778 llartis
540 714 659 780 barbati
684 717 772 797 galea
793 723 921 780 tectum:
946 735 1024 801 pone
1047 715 1238 781 ramusculus
1261 734 1405 800 quernus.

205 827 209 836 ·
293 819 432 882 Protume
456 818 526 902 equi
550 817 672 882 lrenati:
697 839 774 903 pone
799 817 895 903 spica.

250 919 400 984 Denarins
423 929 469 984 est
492 929 665 1004 argenteus,
689 919 776 986 cuius
799 928 882 986 extat
896 920 1004 1010 libella
1023 919 1171 1012 insqripta
1196 926 1318 994 ROMA
1342 918 1452 984 iisdem

167 1021 246 1106 typis
269 1021 351 1086 edita
374 1041 391 1085 a
414 1020 566 1094 Fiorellio.
590 1027 667 1086 hun.
692 1023 720 1086 di
745 1025 887 1088 Nunnism.
906 1028 995 1099 tuto,
1013 1043 1040 1107 p.
1056 1029 1106 1097 23,
1130 1025 1183 1087 sed
1207 1022 1280 1087 mihi
1304 1041 1364 1087 non
1388 1023 1454 1086 visa

167 1123 196 1189 in
220 1145 282 1210 qua
305 1123 436 1190 omissus
458 1124 497 1188 ab
520 1124 635 1190 editore
658 1126 870 1202 ramusculos,
894 1127 924 1190 in
949 1146 1069 1191 nummo
1093 1126 1216 1202 detrito,
1241 1127 1330 1191 laoile
1354 1123 1451 1190 aciem

167 1225 309 1292 intuentis
332 1227 442 1292 elusit:
464 1227 623 1313 inscriptio
647 1227 719 1293 mihi
745 1227 864 1294 ridetur
886 1230 1044 1295 imminuta
1066 1230 1186 1294 delectu
1209 1228 1336 1304 mctalli,
1360 1235 1452 1314 atque

169 1331 339 1415 supplenda
364 1335 537 1420 ROMAno.

132 1437 176 1496 lt).
199 1435 233 1514 l:
249 1434 328 1516 t3u)
352 1433 384 1516 a)
412 1439 599 1506 horthhto
622 1435 650 1498 in
675 1436 775 1500 antica
799 1443 829 1499 et
851 1435 977 1519 postica.

294 1535 393 1623 Caput
415 1537 490 1602 deae
512 1538 675 1620 galeatum.

293 1639 435 1704 Pretome
459 1641 527 1726 equi
551 1639 670 1706 lrenati.

210 1745 240 1825 b)
268 1747 458 1816 llOlthO
481 1742 510 1807 in
535 1741 661 1828 postica.

251 1843 346 1909 Iidem
370 1844 441 1930 typi.
467 1846 531 1910 Sub
554 1853 689 1930 protome
713 1846 782 1932 equi
805 1846 835 1910 in
855 1848 973 1933 postica
986 1845 1097 1930 legitur
1113 1851 1207 1918 Stlfit
1222 1847 1329 1912 litteris
1345 1844 1453 1910 leviter

170 1949 339 2013 extantibus
354 1947 483 2014 tortasse
499 1968 536 2013 er
552 1969 735 2036 repercusso
752 1970 871 2014 nummo
887 1951 1028 2016 Suesano
1045 1949 1244 2014 manentibus.
1261 1947 1329 2012 Fuit
1339 1949 1471 2016 Romac‘

169 2052 248 2136 apud
271 2050 422 2135 Depoletti
446 2052 665 2135 negotiatorem
689 2050 903 2138 antiquarium.

89 2183 92 2190 ·
209 2155 237 2236 e)
261 2158 453 2228 rodhoh,
481 2160 683 2230 domnoc,
711 2160 887 2228 toulon<
912 2153 992 2241 typis
1014 2153 1133 2219 iisdem.

253 2279 279 2320 u.
304 2261 329 2319 b.
353 2279 376 2321 c.
399 2257 485 2322 aenei
508 2265 579 2322 sunt
602 2260 734 2342 pendere
758 2257 838 2322 soliti
863 2279 905 2341 gr.
930 2259 1012 2324 circa
1036 2261 1106 2322 6-7.

250 2359 326 2423 Tres
349 2360 379 2423 hi
405 2360 517 2425 nummi
540 2360 596 2424 sub
620 2361 748 2425 litterae
771 2361 856 2424 relati
873 2380 932 2426 non
950 2360 1092 2425 dilleruot
1106 2382 1125 2424 a
1140 2361 1376 2446 praecedenteb
1395 2361 1451 2425 nisi

172 2463 244 2526 tituli
267 2461 492 2549 orthographia.
518 2463 549 2527 ln
574 2461 671 2548 primo
695 2463 796 2541 etiam,
820 2485 909 2547 quem
931 2463 1038 2547 accepi
1054 2483 1073 2528 a
1087 2461 1236 2539 loradin,
1251 2455 1453 2550 acceditgry-

171 2566 243 2650 pbus
266 2569 295 2631 in
318 2567 396 2630 deae
418 2565 513 2648 galea.
538 2565 611 2630 Cuur
637 2565 734 2648 sigma
749 2567 871 2631 lunrrlae
891 2565 989 2632 simile
1005 2587 1159 2650 nunquam
1175 2565 1343 2630 adhibitum
1361 2565 1399 2631 sit
1414 2567 1452 2630 ab

170 2667 332 2734 artihoibns
355 2668 537 2753 Campanis,
561 2678 738 2754 usurpatum
764 2691 834 2734 vero
858 2677 1005 2756 appareat
1027 2667 1057 2732 in
1081 2669 1169 2732 ltalia
1192 2689 1209 2733 a
1230 2668 1401 2734 Tarentinis
1424 2677 1455 2732 et

170 2771 326 2836 hsculanis
349 2772 456 2855 apulis,
480 2769 548 2835 inde
572 2772 744 2836 dimossario
769 2773 951 2837 deducimus
967 2771 1006 2836 ab
1022 2769 1192 2835 artificibus
1215 2771 1333 2853 graecis
1350 2773 1454 2845 luisse,

172 2875 215 2939 rel
237 2871 472 2940 Tarentinorum
501 2874 548 2939 vel
578 2874 799 2940 Asculanorum
823 2874 950 2959 hpuliae
974 2875 1165 2958 aliarumque
1190 2876 1367 2956 regionum,
1400 2877 1451 2960 qui

173 2977 299 3042 barbara
315 2975 543 3063 promiscuitate
558 2977 709 3063 alphabeti
727 2976 812 3040 latini
829 2984 860 3041 et
874 2974 986 3059 graeci,
1004 2977 1137 3042 barbara
1153 2975 1244 3041 etiam
1261 2978 1454 3063 corruptione

173 3079 262 3153 rucis,
279 3078 494 3164 insculpserint
509 3079 644 3156 donator,
662 3081 805 3157 llorrrmor,
823 3081 935 3143 domme
951 3087 981 3144 ct
997 3078 1117 3154 similia,
1133 3099 1188 3164 pro
1203 3081 1353 3153 llouroooa¹
1371 3081 1452 3164 quod

172 3191 250 3268 patet
279 3203 332 3248 eos
362 3183 496 3248 voluisse
520 3182 557 3247 ad
582 3203 723 3266 graecam
751 3181 1001 3248 consuetudinem
1025 3202 1215 3248 nummorum
1238 3184 1453 3268 inscriptorum

173 3292 460 3358 ΤΑΡΑΝΤΙΝΟ(
486 3287 659 3370 (mimo),
683 3291 889 3360 ΥΡΙΑΝΟΣ.
917 3292 1171 3360 ΚΑΜΙἾΑΝΟΞ·

209 3391 242 3470 d)
267 3390 299 3452 ln
317 3389 422 3454 lluseo
439 3385 611 3452 Britannico
628 3387 697 3452 olim
716 3389 775 3452 vidi
793 3409 947 3454 nrrnimum
962 3388 1110 3454 eiusmodi
1129 3389 1306 3473 inscriptum
1323 3395 1447 3462 >tollit

174 3497 230 3561 lllll
255 3499 282 3561 Τ
305 3494 387 3556 circa
410 3498 567 3577 protomen
590 3494 659 3575 equi
683 3491 806 3556 frenati:
832 3513 910 3576 pone
934 3499 1058 3556 astrum.

297 3595 329 3658 ln
353 3593 456 3658 antica
479 3601 571 3680 caput
588 3592 717 3658 iuuenile
736 3595 939 3660 diadematum
958 3616 1036 3679 pone
1056 3596 1191 3660 meandri
1211 3595 1330 3678 signum
1352 3609 1385 3655 ut
1405 3611 1453 3658 m.

253 3700 339 3762 lurat
363 3697 417 3762 bis
450 3699 588 3764 conterre
623 3719 776 3762 nummum
813 3697 901 3762 simili
937 3703 1007 3782 typo
1038 3706 1067 3762 et
1098 3697 1275 3784 inscriptum
1313 3705 1453 3774 ΚΑΖΙΟ,

175 3821 258 3884 quem
289 3799 348 3864 uidi
378 3799 406 3864 in
437 3800 543 3865 lluseo
568 3800 738 3865 Florentino
761 3801 798 3864 ah
823 3802 925 3885 aliquo
947 3799 1083 3886 principe
1106 3802 1186 3886 gallo
1208 3801 1306 3867 Cassii
1332 3801 1452 3865 nunrine

177 3923 359 3986 percussum.

138 4005 185 4066 ll.
209 4006 328 4088 l=l3ol
357 4011 547 4080 lthlrhNO
569 4005 597 4069 in
623 4007 748 4092 postica.

295 4109 393 4193 Caput
416 4107 554 4174 Herculis
578 4107 724 4172 imberbis
747 4107 962 4187 diadematum,
984 4109 1100 4175 habens
1117 4112 1248 4193 spolium
1265 4109 1360 4174 leonis
1376 4108 1453 4172 nodo

337 4212 531 4276 constrictum
555 4215 635 4277 circa
659 4213 769 4276 collum
793 4218 823 4276 et
846 4212 972 4276 olavam.

296 4313 379 4400 Lupa
402 4317 537 4397 geminos
560 4315 684 4380 lactans.
862 4319 865 4326 ’

256 4417 403 4482 Denarios
425 4424 587 4510 argenteus
611 4418 745 4502 pendens
769 4439 813 4500 gr.
837 4419 908 4500 pall.
932 4419 1064 4504 amplius
1087 4425 1213 4504 septem.

144 4519 190 4578 ἢ
213 4517 329 4600 (ssah)
355 4526 542 4591 totlhhto
564 4521 609 4584 vel
636 4527 829 4592 rothado
853 4523 882 4584 in
906 4521 1015 4587 antica.

297 4621 392 4708 Caput
414 4621 560 4709 hpollinis
584 4624 752 4689 laureatum
777 4622 858 4688 huno
882 4624 1004 4710 capillo.
