3650 5342
1405 279 1450 335 ‘tlt

186 404 317 470 Contuli.
341 406 473 470 litterae
494 404 629 470 initiales
653 404 741 489 primi
761 410 792 468 et
809 402 938 469 secundi
958 420 1064 466 uersus
1079 402 1266 472 cuintitulus
1281 402 1311 463 iu
1328 420 1468 467 museum

142 507 249 573 illatus
271 517 318 573 cst
340 510 485 583 amissae,
510 514 586 571 teste
610 505 779 570 Pisanesio.
803 504 931 583 Ceterae
951 506 1065 569 recenti
1086 502 1210 569 rubrica
1225 501 1400 567 restitutae.
1424 504 1468 569 bd

143 609 223 674 bunc
246 611 365 674 titulum
389 609 531 674 retuleris
552 628 674 673 carmen
699 610 874 693 insequens.

143 822 217 881 865.
242 818 345 901 (232,
361 814 533 889 xxxutu,
550 816 595 897 s).
618 856 657 864 -
678 815 702 877 ll
725 813 866 901 sepulcro
885 810 1063 898 Scipionum
1083 819 1168 877 eruta
1185 818 1287 877 aetate
1305 798 1468 877 Sirurondi.

253 1026 377 1091 eon(
399 1000 1105 1091 orno·rtor‘nums·<osenrronr
1132 1021 1153 1086 n
1234 1018 1466 1099 poscantur.

298 1128 515 1194 cuonono
528 1150 535 1165 ·
550 1126 746 1193 orrumo
763 1148 770 1163 ·
789 1125 900 1191 surse
918 1125 1038 1190 uino

295 1229 719 1296 carlom-scurrone·
735 1227 864 1294 erutos
889 1227 1067 1293 snnsnrr

294 1328 1150 1399 consol-censonnruors·erc-ruera

297 1430 1142 1513 hermancorumntenrnoueunee
1183 1472 1187 1481 .

296 1534 1174 1604 oeoerermemmarus-nme·macero

187 1736 257 1803 Vidi
279 1737 309 1802 in
333 1736 417 1803 aditu
441 1736 650 1801 Bibliothecae
667 1735 903 1800 barberinianae
920 1743 950 1799 et
964 1736 1123 1823 descripsi.
1146 1737 1279 1801 Pertinet
1295 1737 1332 1801 ad
1347 1736 1379 1801 L.
1395 1736 1471 1801 Cor-

140 1841 259 1907 nelium
289 1839 463 1925 Scipionem
493 1838 577 1904 Lucii
608 1838 701 1903 hlium
724 1840 799 1903 llnei
825 1845 966 1922 nepotem
989 1839 1144 1903 consulem
1169 1859 1195 1904 a.
1219 1860 1247 1903 u.
1273 1844 1332 1903 aar
1356 1841 1407 1925 qui
1431 1842 1469 1905 dc
1564 1916 1568 1929 Ι

145 1942 257 2009 Poenis
285 1951 317 2009 ct
344 1944 464 2007 Sardin.
493 1943 618 2007 Corsica
647 1940 843 2025 triumpharit
870 1960 919 2004 an.
949 1940 1094 2005 cbxcrv
1122 1940 1147 2001 tt
1176 1942 1205 2005 id
1235 1942 1322 2006 hlart.
1352 1942 1467 2025 (tabul.

146 2044 309 2130 triumph.)
333 2065 401 2110 cum
424 2051 529 2108 contra
551 2043 665 2108 Sardos
683 2050 713 2105 et
731 2043 845 2107 Corsos
865 2052 895 2107 et
911 2042 1095 2107 Hannonem
1116 2043 1283 2111 Poenorum
1303 2046 1409 2109 ducem
1428 2047 1471 2109 lo-

141 2150 246 2213 ⁴liciter
266 2155 435 2233 pugnasset
459 2146 555 2231 (llpit.
577 2146 641 2209 biv.
666 2145 734 2225 ll).
757 2142 814 2210 llic
837 2146 926 2209 victis
950 2146 988 2211 ad
1003 2128 1131 2209 ‘olbiam
1156 2146 1267 2210 Poenis
1289 2155 1320 2211 et
1341 2148 1370 2209 in
1394 2148 1470 2212 mari

147 2256 327 2336 tempestate
349 2248 480 2314 iactatus
503 2249 610 2313 aedem
633 2248 864 2330 tempestatibus
881 2246 972 2325 vovit,
992 2266 1059 2312 cum
1079 2268 1158 2333 pene
1177 2254 1224 2313 ost
1241 2248 1344 2314 Corsis
1361 2250 1471 2316 obruta

147 2350 258 2417 classis
280 2352 369 2435 aquis
395 2350 499 2433 (Ouid.
515 2348 595 2414 Fast.
611 2346 661 2425 ll',
680 2350 770 2431 ros).
793 2347 912 2413 Tabula
936 2368 1043 2412 manca
1065 2357 1112 2412 cst
1134 2349 1227 2413 latero
1247 2350 1361 2425 dextro,
1381 2352 1470 2417 lacile

147 2461 248 2516 tamen
272 2452 430 2536 suppletur
451 2457 546 2514 nretro
568 2445 707 2514 saturnio
729 2450 817 2514 duce.
842 2449 1070 2535 Orthograpbia
1092 2448 1234 2515 carminis
1257 2460 1303 2515 est
1330 2453 1472 2519 vetustis-

144 2556 242 2631 sima,
272 2553 394 2639 qualem
424 2572 482 2616 non
512 2558 633 2615 servant
660 2552 753 2614 ceteri
784 2549 964 2636 Scipionum
989 2552 1066 2617 tituli
1089 2552 1147 2615 hoc
1171 2562 1267 2617 metro
1290 2552 1467 2639 conscripti.

145 2659 259 2721 Auctor
277 2676 333 2719 cur
351 2674 410 2718 uon
431 2654 610 2718 memoravit
629 2653 740 2717 bellurn
758 2651 788 2716 in
808 2652 951 2717 Sardinia
969 2660 1104 2735 gestum,
1123 2654 1204 2718 unda
1222 2660 1251 2718 et
1268 2656 1470 2740 triumphavit,

145 2778 203 2822 nec
234 2756 352 2822 l‘ocnos
375 2758 412 2820 ad
437 2755 557 2821 Olbiam
580 2761 610 2818 et
632 2754 662 2819 in
688 2754 763 2818 mari
785 2756 902 2832 victos,
926 2764 1138 2839 argumentum
1167 2757 1281 2821 nullum
1304 2766 1403 2841 potest
1426 2762 1471 2823 in-

137 2857 238 2925 stitui.
260 2860 340 2924 Nota
360 2858 483 2923 Luciom
508 2866 568 2922 tarn
591 2864 706 2921 mature
731 2877 789 2920 non
810 2877 865 2941 per
882 2856 1100 2940 diphthongum
1120 2856 1279 2941 scriptum,
1299 2880 1360 2943 quo
1379 2864 1468 2927 mndo

144 2962 202 3027 hac
225 2969 325 3027 aetate
349 2967 379 3025 et
401 2962 501 3046 priorc
524 2960 669 3035 bomilia,
686 2960 830 3037 Loucina,
848 2958 989 3033 bouccri,
1004 2958 1167 3024 Loucctios
1183 2958 1335 3026 scribitur.
1355 2968 1382 3034 Μ
1399 2984 1471 3029 vero

139 3066 213 3131 sola
234 3064 264 3127 in
288 3083 365 3127 voce
384 3064 508 3128 Lucium
527 3061 694 3126 adhibitum
713 3082 782 3125 cum
801 3060 968 3126 accusativi
989 3064 1080 3126 ceteri
1099 3072 1230 3126 careant.
1252 3063 1364 3129 Versus
1383 3086 1471 3151 prae·

145 3173 237 3232 eunte
267 3164 435 3229 Ritscbclio
460 3165 631 3249 supplebis.
667 3166 797 3247 llrcipe,
819 3166 926 3241 rumai,
952 3165 1032 3248 quod
1056 3164 1081 3228 is
1103 3162 1205 3229 intulit
1228 3166 1259 3229 in
1282 3164 1341 3230 sanc
1365 3188 1471 3234 versus

145 3267 255 3353 primi:
279 3287 418 3353 proquo
442 3266 587 3351 praetuli,
609 3287 735 3330 romano.
752 3266 866 3351 Nempe
890 3287 950 3330 non
975 3266 1098 3351 plurimi
1122 3268 1255 3345 Itomae,
1279 3290 1382 3335 verum
1407 3272 1473 3356 plu·

145 3372 214 3435 rimi
232 3373 427 3435 consentiunt
445 3369 524 3433 bunc
543 3371 640 3434 airum
659 3389 849 3432 romanorum
870 3369 966 3434 luisse
985 3368 1149 3453 optimum,
1166 3371 1249 3455 quod
1264 3370 1471 3437 testimonium

146 3480 196 3536 est
216 3470 344 3536 aliorum
368 3491 506 3555 quoque,
530 3492 588 3535 non
613 3469 735 3535 maioris
757 3472 871 3535 llomae
896 3472 991 3556 partis
1015 3478 1140 3536 tantum.
1164 3472 1300 3538 Soandos
1322 3495 1393 3539 uero
1417 3475 1472 3551 sir,

141 3575 257 3639 ‚eodem
280 3574 376 3638 duce:

426 3674 512 3739 llonc
535 3680 606 3740 alno
629 3677 777 3761 plolrume
800 3678 973 3741 cosentidnt
995 3682 1120 3741 rontano

426 3776 570 3841 Duondro
593 3780 717 3863 ‹iptnmd
741 3780 817 3842 lulse
840 3777 905 3843 vird
928 3780 1030 3842 virdro

426 3878 549 3959 Luclom
573 3878 725 3964 Sclpidne.
749 3880 843 3943 Filios
864 3879 988 3945 Barbati

427 3979 537 4045 Consril
561 3986 671 4045 cerrsdr
692 3982 792 4046 aidllis
816 3980 864 4044 bic
887 3982 951 4046 ludt
973 3982 1054 4065 aprid
1079 4002 1133 4046 uns

427 4080 491 4147 lleo
514 4082 595 4168 cripit
618 4084 742 4148 Corsica
765 4083 931 4166 h'loriaque
954 4084 1030 4147 urbd
1055 4085 1236 4167 puonriudod

425 4182 524 4248 beust
546 4185 800 4271 Tempestatebus
822 4186 890 4251 alde
914 4188 1048 4251 nrdretod
1073 4190 1182 4251 votam.
1219 4186 1222 4197 '

146 4319 275 4383 'Versum
299 4322 436 4398 tertium,
459 4322 579 4387 sublata
603 4324 680 4387 tbesi
703 4324 791 4410 pedis
814 4322 903 4409 primi
926 4332 994 4408 post
1015 4323 1192 4399 anacrusin,
1215 4326 1259 4389 sic
1282 4326 1428 4391 scandes:

426 4457 549 4523 Luciam
573 4460 717 4546 Scipione
740 4462 821 4525 lllids
843 4460 977 4527 Barbati.

148 4591 227 4659 Vide
248 4613 400 4679 parergon
422 4595 460 4659 de
484 4616 576 4662 versu
598 4599 742 4664 saturnio.
