3650 5342
584 417 1384 577 mmmmmmm

813 693 1166 709 -n———ss

303 835 470 901 Pnuarnrro
494 856 560 922 pag.
585 839 608 901 1.

558 1022 804 1108 Prolagomenon
828 1044 904 1113 pars
928 1027 936 1095 Ι
960 1045 1044 1114 quae
1066 1035 1115 1096 est
1137 1023 1416 1114 palaeographica.

302 1155 347 1218 De
369 1157 486 1237 origine
509 1155 662 1240 alphabeti
682 1158 765 1221 latini
790 1177 858 1243 pag.
885 1167 912 1224 t.

302 1241 347 1303 De
371 1239 467 1304 torma
489 1239 654 1304 litterarum
679 1242 886 1307 vetustissima
908 1252 938 1309 et
961 1265 1084 1309 numero
1106 1267 1134 1329 p.
1158 1251 1188 1309 Ξ.

301 1325 347 1388 De
369 1323 479 1388 litteris
503 1344 596 1408 supra
618 1334 788 1392 ceterarum
811 1329 932 1393 modum
955 1329 1159 1393 eminentibus
1184 1351 1211 1412 p.
1235 1335 1262 1393 7.

301 1409 347 1471 Ile
369 1407 493 1474 variatis
515 1431 534 1472 o
556 1413 566 1472 l
586 1433 605 1492 p
627 1434 647 1472 c
670 1413 773 1475 l'ormis
796 1433 965 1499 earumque
987 1416 1101 1479 ratione
1124 1436 1153 1498 p.
1176 1419 1205 1476 8.

302 1493 349 1556 De
371 1492 466 1576 signis
488 1513 680 1560 numerorum
704 1503 735 1558 et
758 1498 925 1581 ponderum
949 1520 977 1583 p.
1002 1503 1048 1561 te.

303 1577 348 1641 De
370 1577 480 1642 litteris
503 1581 688 1661 retrogradis
711 1603 739 1665 p.
765 1587 814 1649 tt.

303 1662 349 1726 De
373 1661 515 1728 ductibus
535 1665 635 1745 ligetis
651 1685 704 1729 seu
719 1666 758 1729 de
769 1686 847 1730 nexu
861 1667 1037 1743 litterarum,
1052 1674 1082 1731 et
1092 1686 1197 1731 eorum
1209 1665 1436 1732 scribendorum
1448 1667 1565 1730 ratione
1582 1687 1610 1750 p.
1624 1671 1635 1728 l
1647 1670 1673 1730 i.

304 1748 349 1811 ile
373 1748 468 1829 signis
491 1747 529 1812 ad
552 1750 712 1814 lectionem
736 1749 898 1816 iuvandam
922 1753 1051 1815 inventis
1074 1772 1102 1834 p.
1130 1756 1180 1813 ts.
1271 1821 1277 1829 ‚

567 1932 814 2018 Prolegomenon
838 1951 915 2021 pars
938 1933 958 2001 ll
982 1951 1064 2020 quae
1086 1940 1135 2001 cat
1157 1932 1413 2021 orthographiae.

304 2066 350 2129 De
373 2068 603 2131 consonantium
628 2068 835 2152 duplicatione
857 2090 886 2153 p.
912 2073 960 2132 tt.

303 2151 350 2214 De
370 2151 527 2214 vocalibus
550 2157 581 2214 et
602 2154 839 2217 consonantibus
862 2152 974 2218 afflatis
998 2174 1026 2236 p.
1052 2158 1101 2215 49.

303 2235 350 2298 De
372 2236 588 2300 assimilatione
611 2241 841 2304 consonantium
865 2240 895 2300 in
919 2239 1095 2322 compositis
1118 2258 1146 2321 p.
1170 2241 1221 2300 at.

303 2320 349 2383 De
371 2341 385 2381 s
406 2320 596 2384 redundante
619 2329 688 2404 post
708 2343 730 2382 o·
752 2343 781 2405 p.
806 2325 856 2385 ab.

305 2403 350 2468 De
373 2403 592 2489 permutatione
616 2405 783 2469 litterarum
807 2429 821 2469 c
844 2414 873 2469 et
895 2429 913 2488 q
936 2404 1068 2469 affinium
1092 2427 1121 2489 p.
1145 2409 1195 2467 ab.

304 2489 349 2550 De
372 2495 472 2552 aetate
495 2509 510 2548 o
533 2490 649 2554 litterae
668 2492 699 2552 in
722 2489 857 2554 secunda
880 2490 1087 2555 declinatione
1110 2509 1139 2572 p.
1165 2493 1214 2553 93.

304 2572 350 2635 De
373 2595 392 2634 o
414 2573 512 2636 vocali
535 2581 604 2637 aute
628 2573 673 2637 vel
698 2582 766 2659 post
786 2597 802 2636 o
825 2585 1041 2640 consonantem
1064 2593 1154 2641 verso
1177 2575 1207 2636 in
1230 2595 1247 2634 o
1269 2595 1298 2659 p.
1322 2580 1371 2638 hi.

304 2656 350 2719 De
374 2655 595 2740 permutatione
616 2681 637 2720 o
659 2657 773 2722 vocalis
796 2660 826 2722 in
850 2681 875 2732 o.
899 2663 908 2720 i
931 2661 959 2724 in
982 2683 997 2720 e
1019 2662 1048 2723 in
1072 2657 1225 2722 radicibus
1248 2660 1466 2724 vocabulorum
1489 2681 1519 2745 p.
1542 2665 1594 2724 at.

303 2740 350 2804 De
373 2739 597 2826 permutatione
620 2743 833 2808 subiunctivae
857 2746 866 2806 i
888 2747 919 2808 in
943 2744 1137 2827 diphthongis
1160 2750 1204 2817 nt,
1228 2746 1272 2818 oi,
1295 2745 1386 2808 etde
1409 2743 1597 2829 diphthongo
1620 2767 1671 2820 ou,

346 2844 385 2887 ou
408 2829 437 2888 in
460 2827 616 2890 radicibus
639 2828 855 2893 vocabulorum
881 2851 908 2913 p.
932 2835 983 2891 25.

304 2909 350 2973 lle
373 2909 560 2994 diphthongo
583 2913 609 2974 oi
631 2919 695 2976 orto
718 2931 755 2976 ex
777 2933 791 2974 c
813 2922 842 2977 et
864 2918 875 2975 i
898 2923 1020 2998 praeter
1041 2914 1274 2977 declinationem
1297 2934 1328 2997 p.
1348 2917 1398 2975 at.

307 2993 352 3057 De
375 2997 578 3078 geminatione
601 2996 748 3060 vocalium
772 3020 801 3082 p.
826 3003 874 3060 28.

305 3077 350 3142 De
372 3081 384 3140 i
406 3080 496 3161 longa
518 3080 762 3163 supereminente
788 3091 976 3147 caeterarum
999 3082 1169 3154 litterarum
1194 3101 1365 3146 mensuram
1388 3102 1417 3165 p.
1443 3088 1496 3147 29.

305 3163 351 3226 Dc
373 3181 448 3227 sono
471 3167 602 3248 quodam
625 3167 724 3229 medio
749 3187 894 3250 expresso
918 3187 972 3252 per
994 3170 1004 3227 i
1026 3167 1228 3250 duplicatum,
1251 3167 1301 3229 vel
1325 3169 1389 3231 eius
1412 3167 1542 3232 sormam
1564 3186 1675 3250 super-

349 3249 529 3312 eminentem
575 3297 581 3310 .
606 3255 655 3312 30.

305 3332 350 3394 De
372 3340 484 3416 puncto
508 3270 693 3398 velpsioilico
716 3335 871 3399 vocalibus
895 3335 994 3416 longis
1016 3335 1251 3420 superimposito
1273 3357 1303 3419 p.
1327 3339 1377 3397 at.

304 3417 351 3480 De
375 3418 536 3481 omissione
559 3439 588 3478 m
609 3440 623 3479 r
644 3440 664 3479 u
687 3429 697 3480 t
718 3440 735 3480 r
758 3421 987 3484 consonantium
1010 3420 1146 3484 finalium
1169 3441 1200 3505 p.
1225 3423 1274 3483 32.
1359 3451 1362 3456 ·

306 3500 352 3564 De
374 3501 629 3567 declinationibus
653 3511 785 3568 ueterum
808 3503 984 3569 Latinorum
1007 3527 1036 3589 p.
1061 3509 1112 3567 33.

306 3585 459 3667 Parergon
483 3586 496 3648 i
519 3589 556 3651 do
581 3605 670 3652 versu
693 3589 828 3653 saturnio
852 3610 880 3673 p.
905 3593 956 3653 37.

306 3669 459 3751 Parergon
474 3670 501 3734 tl
513 3672 550 3735 de
566 3671 707 3735 testinata
718 3672 812 3737 torma
824 3671 993 3739 litterarum
1003 3672 1174 3749 latinarum,
1184 3693 1274 3758 qaam
1286 3674 1438 3740 cursitem
1449 3674 1616 3758 dicimnsp.
1629 3677 1678 3736 to.

305 3753 446 3819 Canones
469 3755 631 3839 palaeogra
653 3756 713 3820 hici
738 3777 766 3840 p.
791 3761 839 3821 hh.

307 3838 446 3904 Canones
470 3778 691 3924 orthograchi
715 3861 745 3925 p.
770 3846 819 3906 ta.

743 4026 888 4116 Solones
911 4047 988 4117 para
1011 4026 1244 4098 nnntsnettce.

306 4164 429 4231 Nummi
452 4165 656 4229 Romanorum
680 4166 759 4249 typis
783 4182 842 4229 non
866 4167 1000 4230 romanis
1021 4174 1052 4229 et
1074 4165 1213 4249 inscripti
1236 4167 1326 4227 Noctu
1348 4186 1377 4249 p.
1403 4169 1453 4228 45.
1678 4234 1683 4238 ,

307 4250 424 4314 Nummi
446 4249 650 4313 Romanorum
673 4248 754 4335 typis
779 4269 838 4314 non
862 4253 995 4315 romanis
1018 4249 1157 4333 inscripti
1180 4253 1349 4325 Romamne,
1373 4250 1516 4325 Romano,
1539 4249 1680 4326 Roornos,

351 4337 488 4409 Nummos,
512 4335 625 4397 Romam
648 4357 677 4419 p.
703 4341 752 4399 ta.

308 4419 431 4484 Nummi
464 4419 544 4503 typis
573 4421 706 4484 romanis
737 4439 805 4484 cum
832 4420 1000 4506 epigraphe
1023 4425 1064 4494 V,
1094 4427 1132 4495 l.
1159 4425 1297 4493 totth
1320 4424 1357 4496 l,
1386 4424 1471 4483 entra
1499 4416 1612 4483 Urbem
1634 4417 1682 4480 rel

350 4503 496 4578 Luceriae
519 4503 581 4568 liati
604 4524 635 4589 p.
659 4509 708 4567 tt.
