3650 5342
1429 280 1463 342 73

274 409 433 495 lusoriptio
455 409 486 472 in
509 427 579 472 asse
601 415 632 472 et
654 409 828 493 quincunce
850 416 983 492 occupat
1006 409 1119 471 nummi
1142 414 1257 491 partem
1281 407 1426 484 anticam,
1445 406 1476 473 in
1550 446 1560 468 s

188 510 315 598 reliquis
338 519 467 597 excepta
489 509 649 577 semuncia
670 519 787 595 partem
807 511 965 595 posticam.
988 509 1023 573 ln
1041 511 1199 574 semuncia
1217 516 1241 580 Η
1261 516 1343 574 teael
1360 517 1475 595 partem

191 616 301 680 nummi
324 613 503 692 adversam,
529 620 555 686 Α
575 632 723 692 aversam.
748 613 900 678 biarchius
917 631 972 698 prn
987 613 1144 678 semuncia
1159 611 1382 678 lladriannrum
1398 612 1478 677 bunc

189 737 343 780 nummum
365 716 450 781 dedit
472 723 565 782 recte.
590 715 789 781 Mommsenio
807 713 968 780 bariolanti
984 715 1086 780 liltera
1106 721 1129 785 Η
1150 715 1216 779 visa
1233 721 1281 780 est
1298 715 1478 798 explicanda

187 818 385 897 llemililron,
409 819 492 904 quod
515 817 757 884 Latinis'rursus
776 817 943 883 indicatum
959 815 1002 882 ait
1016 817 1094 900 sigla
1113 824 1132 891 ξ
1152 816 1212 882 illis
1229 825 1311 882 uota.
1334 818 1396 883 Res
1411 836 1480 904 per-

187 924 265 986 mira
282 923 367 986 nullo
385 921 522 986 firmatur
539 921 718 1005 exemploin
733 923 864 984 nummis
883 918 1114 985 buius'aetatis:
1133 920 1364 1008 praetereaboc
1379 923 1477 1004 posito

187 1026 284 1088 series
308 1021 532 1090 Hadrianorum
557 1025 715 1088 semuncia
738 1023 857 1088 carebit
878 1041 942 1108 qua
963 1031 1064 1087 tumen
1088 1042 1193 1089 carere
1213 1042 1273 1088 non
1290 1023 1403 1108 potuit;
1426 1022 1479 1088 ba·

186 1128 260 1193 beot
281 1127 362 1192 enim
380 1127 602 1211 transapcnnini
620 1144 725 1190 omnes
740 1125 966 1200 Ariminenses,
984 1124 1117 1200 Vestini,
1132 1126 1303 1201 Larinates,
1321 1126 1476 1203 Lucerini,

187 1230 351 1306 Asculani,
380 1230 514 1295 demum·
530 1229 658 1294 Romani
690 1229 742 1314 qui
771 1229 801 1315 in
831 1227 942 1313 Apulia
969 1230 1033 1294 suis
1054 1230 1137 1315 typis
1159 1248 1297 1294 nummos
1319 1229 1476 1295 ferierunt.

187 1333 248 1398 Nec
277 1353 351 1398 uero
381 1351 563 1418 quemquam
590 1349 713 1396 morere
736 1331 848 1396 debent
869 1332 990 1396 litterae
1013 1331 1144 1398 initiales
1167 1330 1272 1416 oppidi
1294 1332 1340 1395 sie
1362 1331 1477 1397 diuisae

189 1538 304 1604 vocabo
324 1537 513 1638 epigraphen
531 1536 562 1601 in
581 1557 643 1623 qua
660 1533 763 1612 Antros
781 1539 824 1601 sic
844 1535 956 1620 legitur
972 1536 1118 1622 scriptum
1134 1542 1169 1602 ut
1183 1537 1216 1600 in
1232 1538 1333 1603 antica
1346 1536 1386 1601 sit
1410 1542 1474 1609 tm

190 1642 307 1724 (ΛΑΙ),
335 1643 425 1712 uon
453 1639 583 1723 (Νοε)
608 1641 637 1704 in
661 1640 804 1725 postica?

273 1745 439 1809 Praeterea
467 1762 536 1810 cum
565 1743 644 1807 banc
672 1743 859 1808 semunciam
889 1742 1024 1809 nonnulli
1054 1743 1133 1809 male
1161 1742 1297 1808 tribuant
1318 1741 1478 1816 Asculanis

186 1845 317 1930 Apuliae
332 1865 412 1931 quos
428 1845 513 1910 aiunt
528 1845 702 1911 loederatos
718 1865 786 1910 cum
804 1845 1069 1912 Herdoniensibus
1084 1843 1304 1911 Mommsenius
1318 1844 1357 1909 ab
1371 1845 1479 1930 Apulis

187 1957 319 2012 amotam
350 1949 463 2014 Asculo
491 1948 602 2012 Piceno
625 1947 722 2013 dedit.
757 1951 795 2013 At
817 1948 988 2013 sciscitanti
1011 1947 1082 2012 milri
1106 1946 1330 2014 ab·Ascnlanis
1351 1946 1477 2025 amicis,

188 2051 416 2135 responderunt
438 2070 591 2136 nunquam
615 2051 644 2114 in
668 2070 772 2115 eorum
797 2051 888 2116 terris
912 2052 1017 2115 risam.
1047 2051 1159 2116 Contra
1181 2052 1212 2114 in
1235 2051 1388 2116 territorio
1411 2048 1476 2115 lla-

187 2152 344 2218 triensium
367 2173 461 2239 saepe
484 2154 635 2217 inventam
660 2155 808 2221 novimus.
830 2152 926 2218 Cuius
943 2154 987 2217 rei
1006 2159 1116 2218 teslcm
1134 2152 1275 2220 excitabo
1294 2151 1478 2218 batriensem

185 2255 362 2322 Gabrielem
387 2254 623 2332 Cherubiuium,
645 2256 767 2320 doctum
791 2257 888 2321 virum
898 2307 914 2347 ,·
925 2256 977 2340 qui
994 2275 1092 2344 nuper
1107 2254 1231 2341 scripsit
1245 2256 1284 2320 ad
1300 2275 1349 2320 me
1365 2254 1478 2332 adalim

185 2379 290 2424 cerum
314 2379 384 2424 esse
407 2358 439 2422 in
462 2378 502 2444 eo,
521 2358 654 2444 oppido,
684 2360 855 2443 complures
886 2361 967 2444 apud
995 2357 1169 2435 Arlinium,
1196 2358 1345 2445 plurimos
1368 2357 1476 2424 baberi

185 2463 267 2548 apud
297 2461 511 2540 Sorriccbios,
540 2463 683 2544 egregios
711 2464 814 2536 cives,
845 2470 876 2526 et
906 2461 1137 2528 numismatioae
1156 2462 1301 2527 cultores
1331 2461 1401 2527 olim
1427 2481 1482 2525 sn-

191 2566 379 2630 lectissimos.

143 2673 199 2732 7t.
222 2669 257 2750 ol
284 2673 505 2740 ontncnvz
526 2669 557 2731 in
582 2669 710 2752 postica.

315 2770 417 2856 Caput
442 2769 564 2836 Vulcani
589 2769 735 2834 imberbis
759 2771 841 2855 pileo
864 2772 973 2837 conico
997 2777 1126 2847 metum,
1151 2791 1229 2856 pone
1253 2773 1384 2857 lorceps.

318 2875 414 2940 barra
435 2872 582 2939 medusea
603 2873 660 2938 alis
683 2873 848 2950 instructa,
872 2893 925 2939 ore
947 2872 1066 2938 biante:
1088 2872 1166 2938 inlra
1188 2883 1347 2959 serpentes
1369 2873 1479 2940 arrecti

358 2979 389 3044 in
412 2979 543 3043 diversa.
1467 3057 1474 3070 ἱ

272 3080 361 3146 llunc
391 3100 546 3146 nummum
576 3079 764 3164 Borghesius
794 3081 911 3166 primus
935 3079 1098 3163 descripsit
1120 3099 1137 3143 e
1160 3100 1269 3147 musco
1292 3101 1347 3147 suo
1378 3080 1478 3165 (eutr.

188 3184 272 3250 areb.
291 3203 380 3268 neap.
399 3182 444 3260 ll,
464 3203 493 3268 p.
516 3183 583 3266 to).
607 3181 659 3247 Sic
684 3190 717 3246 ut
738 3202 793 3268 pro
815 3183 1012 3268 serpentibus
1033 3190 1155 3269 putaret
1177 3180 1338 3249 se‘ridere
1363 3185 1480 3250 taenias

187 3294 288 3352 mento
305 3305 457 3373 personae
472 3285 553 3351 illius
570 3285 650 3352 nodo
666 3287 863 3364 constrictas,
880 3284 1059 3370 legeretque
1080 3291 1306 3363 ΡΑιΑΕΙΝν,
1324 3270 1480 3352 crederet·

189 3411 249 3476 que
265 3389 388 3456 finalem
404 3388 535 3453 litteram
555 3395 574 3460 ζ
594 3396 696 3453 notam
713 3407 782 3453 csse
797 3390 944 3454 semissis.
966 3389 1039 3453 Tria
1055 3390 1116 3453 vidi
1132 3389 1334 3474 exemplaria,
1349 3392 1479 3473 primum

189 3493 316 3558 Parisiis
338 3491 369 3557 in
393 3511 499 3557 museo
523 3492 617 3556 llucis
640 3492 679 3557 de
702 3490 838 3578 Luyues,
861 3490 1029 3559 secundum
1046 3494 1076 3556 in
1092 3512 1198 3558 museo
1214 3495 1404 3568 monacensi,
1422 3500 1479 3557 ter-

190 3596 263 3660 tium
286 3595 433 3680 optimum
463 3593 629 3658 Mediolani
652 3593 735 3678 quod
758 3592 888 3660 exhibeo
910 3595 950 3660 ob
974 3593 1201 3681 inscriptionem
1225 3603 1256 3658 et
1279 3595 1429 3677 imagines
1449 3597 1480 3658 in

187 3718 224 3763 eo
246 3697 422 3783 expressius
445 3705 476 3760 et
499 3696 670 3762 evidentius
691 3695 870 3782 insculptas.
903 3697 983 3762 Sunt
1009 3700 1061 3783 qui
1089 3705 1200 3783 putant
1222 3696 1303 3762 bunc
1326 3717 1480 3762 nummum

186 3801 340 3886 pertinere
369 3801 409 3863 ad
437 3798 584 3884 oppidum
613 3798 812 3882 Aboriginum
842 3801 873 3864 in
902 3818 976 3883 agro
1004 3800 1124 3864 reatino
1154 3800 1301 3864 Παλάτιον
1323 3801 1480 3865 dictuma

188 3904 337 3989 Dionysio
360 3901 615 3982 Halicarnassum
639 3909 687 3967 ast
708 3923 745 3967 ea
767 3909 867 3968 aetate
890 3923 1032 3969 nummos
1054 3903 1202 3967 eiusmodi
1221 3903 1359 3968 extitisse
1377 3903 1484 3968 absur-

188 4006 260 4071 dum
283 4013 331 4070 est
352 4005 477 4086 dicere3
500 4005 646 4091 oppidum
668 4014 776 4091 postea
800 4025 859 4072 uon
882 3989 1077 4072 memoratur.
1111 4006 1279 4071 Praeterea
1301 4026 1340 4071 ex
1363 4004 1481 4072 Palatio

188 4109 342 4194 quomodo
365 4109 464 4195 potuit
482 4113 580 4174 ortum
598 4108 710 4174 ducere
729 4110 959 4195 patronymicus
972 4110 1117 4173 Potucnuo
1131 4109 1182 4174 isti
1197 4110 1308 4174 docere
1323 4127 1379 4174 nos
1395 4109 1482 4173 omit-

190 4219 263 4278 tunt
284 4211 479 4277 Cavedonius
499 4211 655 4276 revocavit
672 4211 829 4276 Pallanum
849 4212 995 4298 oppidum
1013 4219 1213 4277 memoratum
1230 4213 1260 4276 in
1280 4210 1387 4276 tabula
1403 4209 1484 4278 Peu-

189 4316 299 4400 tingeri
322 4315 403 4378 inter
424 4315 582 4378 Anxanum
605 4321 635 4378 et
659 4312 828 4379 Histonium
853 4315 884 4378 in
907 4315 1086 4392 Frenmnis,
1109 4313 1223 4399 alioqui
1247 4316 1380 4397 ignotum
1399 4320 1482 4379 rete·

190 4417 281 4482 ribus.
307 4417 370 4483 Nec
394 4422 495 4481 tamen
518 4414 657 4502 probavit
673 4417 824 4502 quomodo
843 4437 879 4484 ex
893 4418 1048 4483 Pallanum
1062 4418 1144 4502 quod
1158 4419 1256 4503 ipsum
1272 4419 1482 4503 patronymica

190 4521 283 4586 forma
299 4527 363 4594 est,
380 4529 413 4585 ut
432 4520 509 4584 lovis
529 4519 660 4584 Palanus
675 4519 706 4584 in
724 4539 795 4586 aere
812 4520 973 4607 dapinabo,
986 4528 1085 4588 ortum
1101 4520 1143 4585 sit
1155 4523 1298 4584 Polocino
1313 4519 1480 4603 Borghesii.

192 4621 266 4690 Sunt
296 4626 350 4709 qui
381 4622 556 4713 balaninum
585 4623 771 4688 arbitrantur
791 4623 885 4690 latere
907 4624 939 4688 in
961 4631 1165 4708 cognomento
1186 4621 1269 4688 illius
1291 4622 1482 4690 Interamnae
