3650 5342
121 387 214 454 2267.
237 421 278 434 -
301 385 326 470 Ε
348 387 414 454 toco
437 387 554 454 ineerto
577 385 606 452 iu
629 385 843 453 Kiruheriaoo.

652 561 658 574 ·
675 528 917 598 tvetrnncnz

165 675 251 742 Edidi
268 675 298 742 in
316 676 431 744 Piombi
451 677 572 754 antichi,
586 677 682 744 Roma
697 680 788 757 tarr,
804 678 864 744 tab.
880 677 934 754 111,
952 678 1284 756 to‚inoe1titscoetius
1302 680 1361 746 tab.
1376 681 1401 756 l,
1416 701 1444 745 u.

120 918 212 980 2268.
237 951 275 964 -
297 914 420 981 Circulo
443 914 588 1002 inscripta
609 916 639 980 in
663 917 815 1000 opereulis
839 918 921 983 vasis
943 916 1083 983 eretaeei.

610 1059 959 1143 nomenante-s

165 1205 246 1272 Vidit
273 1207 409 1274 Momms.
437 1177 468 1272 in
498 1207 609 1294 oppido
631 1207 726 1274 Leuce
752 1210 772 1272 Ι.
796 1231 824 1274 n.
849 1210 880 1274 L.
905 1211 1004 1286 6307,
1028 1231 1056 1274 n.
1080 1213 1140 1275 tu.
1170 1209 1320 1295 Repertus
1347 1219 1394 1276 est
1416 1218 1445 1277 et

122 1310 276 1388 Veronae,
301 1309 435 1376 Fabrett.
459 1312 537 1390 rut,
562 1315 632 1376 585.

120 1556 212 1617 2269.
238 1589 277 1601 -
302 1553 463 1617 Praeneste
484 1550 514 1614 in
537 1571 652 1637 gypseo
676 1550 842 1636 amphorae
864 1553 1008 1638 operculo
1031 1554 1077 1617 bis
1099 1554 1207 1620 titteris
1230 1554 1412 1621 extantibus.

717 1693 855 1810 em

122 1916 214 1976 utto.
240 1911 276 1996 (ε
296 1913 403 1996 ttae).
426 1953 465 1965 -
489 1910 520 1977 ln
544 1910 640 1979 Galea
662 1931 755 1977 aenea
778 1912 845 1996 agri
867 1913 984 1979 reatini.

672 2058 893 2138 Q·c055t·Q

164 2207 379 2272 Mommsenius
403 2208 440 2287 Q.
458 2205 543 2273 Cossi
564 2206 600 2285 Q.
618 2205 697 2272 titius
719 2208 814 2290 magis
831 2227 898 2272 esse
914 2206 1075 2291 tegendum
1093 2215 1177 2292 putat
1193 2226 1282 2292 quarn
1300 2208 1338 2287 Q.
1356 2206 1442 2274 Cossi

124 2314 302 2395 quaestoris.

123 2538 214 2602 aaut.
239 2572 279 2585 -
302 2537 410 2604 Fibula
432 2557 527 2602 aenea
549 2537 580 2602 in
603 2557 677 2620 agro
701 2556 825 2602 romano
847 2539 980 2603 inuenta.

674 2679 887 2750 nennnottt

164 2829 318 2916 Descripsi
341 2829 483 2915 edidique
508 2831 536 2893 in
562 2829 639 2893 Diss.
662 2829 802 2894 Archeot.
826 2829 856 2904 1,
880 2828 941 2894 tab.
964 2825 1021 2902 xt,
1044 2833 1100 2907 2⁰,
1119 2848 1189 2916 pag.
1214 2833 1283 2894 tiu.

122 3072 214 3139 2272.
237 3105 278 3116 —
301 3069 408 3135 Fibuta
431 3090 526 3138 aenea
548 3071 579 3134 in
601 3068 739 3135 Etruriae
762 3069 885 3154 regione
907 3072 1035 3156 reperiri
1057 3069 1159 3136 solita.

700 3213 867 3280 nvctssn

165 3363 319 3451 Descripsi
344 3363 512 3430 Florentiae
535 3363 573 3428 ab
589 3364 701 3450 optimo
724 3361 863 3449 exempto
886 3361 967 3448 apud
991 3363 1208 3448 negotiatorem
1231 3364 1443 3448 antiquarium.

127 3467 191 3530 vidi
210 3487 300 3552 penes
317 3467 430 3533 March.
454 3467 522 3534 Car.
538 3467 714 3532 Strozaiuur.
732 3467 803 3532 item
823 3465 1003 3530 Maraabotti
1019 3465 1132 3530 invenit
1149 3487 1177 3532 v.
1196 3467 1232 3531 ct.
1248 3487 1350 3533 comes
1365 3467 1444 3532 Goz-

124 3569 274 3646 radiatus,
298 3570 427 3654 denique
451 3570 556 3634 habuit
578 3569 674 3635 torius
697 3569 838 3654 Neapoli,
863 3571 885 3634 l.
910 3589 933 3633 r.
956 3589 985 3633 n.
1008 3569 1026 3633 Ι.
1050 3573 1146 3645 6305,
1171 3575 1198 3635 t.

125 3815 216 3876 autu.
240 3811 278 3895 (=
301 3816 399 3886 wit,
422 3813 468 3883 n,
493 3812 535 3894 a).
559 3853 596 3866 -
620 3809 742 3874 Lamina
764 3829 854 3896 aerea
877 3830 947 3876 cum
970 3809 1128 3875 manubrio
1152 3809 1182 3874 in
1206 3809 1414 3876 Kiroheriano.

611 3957 763 4124 'Num
790 3955 957 4123 norom

609 4163 692 4240 Qut
720 4159 776 4226 no
800 4158 955 4227 suerin
999 4231 1016 4243 ,,

605 4263 959 4433 'orscss'riovnr

164 4517 328 4603 Descripsi.
351 4517 488 4585 Momms.
511 4517 585 4599 legit
600 4518 682 4581 initio
699 4523 747 4590 nn
767 4518 889 4582 decreto
906 4515 1106 4580 decurionum
1139 4513 1210 4578 Mihi
1230 4514 1327 4598 ririma
1343 4513 1443 4578 littera

123 4624 216 4700 esti,
241 4621 343 4708 itaque
367 4631 440 4708 puto
463 4621 641 4707 tegendum:
663 4622 761 4686 Lneus
783 4622 880 4685 datus.
902 4617 996 4684 ldem'
1010 4617 1062 4684 dat
1084 4623 1111 4687 Α
1137 4615 1249 4702 ubique
1273 4637 1327 4702 pro
1350 4624 1389 4690 Α.
