3650 5342
365 233 425 303 'itt‘

338 369 474 442 666611
501 367 532 432 in
554 373 631 453 post.

518 465 648 534 ltilrous.

519 571 654 650 Corona,
678 574 708 636 in
723 568 824 636 medio
850 575 874 642 Π
900 567 975 654 glo?

560 671 649 738 huius
672 670 751 737 male
765 690 820 757 pro
835 669 963 736 circello

560 776 707 844 hactenus
729 782 882 862 aceeptus.

575 1005 640 1056 urio
658 1006 734 1061 inis.

352 1194 420 1256 tit·
434 1210 462 1262 a..
486 1194 654 1267 Ν1Ι·Α(11.Ι
670 1191 790 1276 inpost.
814 1207 859 1273 gr.
874 1170 961 1264 laio.
1046 1209 1049 1214 ·

517 1291 615 1378 Caput
635 1292 809 1377 Aesculapii
831 1289 956 1362 tanseat.

515 1394 629 1464 Baculo
651 1413 778 1480 serpeus
800 1396 940 1460 intortos.

801 384 846 447 gr.
871 369 898 440 6,
912 367 963 430 86.
1061 369 1123 430 669.
1142 377 1197 445 tw
1211 396 1219 413 ·
1233 374 1314 441 ltili=
1337 368 1368 434 io
1392 378 1471 455 post:

1223 469 1343 537 Thorax
1364 471 1510 540 obversus
1528 471 1670 540 herculis

1265 573 1385 640 harhati
1399 574 1516 642 claram
1531 575 1669 653 terentis,

1265 684 1296 742 et
1323 675 1354 742 in
1382 678 1509 746 humero
1540 676 1671 745 sinistro

1265 779 1393 866 spolium
1417 781 1522 847 teonis.

1222 878 1321 949 Homo
1337 883 1442 950 tonieo
1458 882 1670 952 1666166666-

1262 1003 1333 1055 reos
1350 986 1391 1054 ad
1407 987 1523 1054 laevam
1543 988 1671 1076 sinistra

1265 1094 1391 1155 extensa
1418 1088 1534 1175 aliquid
1562 1090 1667 1158 inser·

1265 1198 1328 1255 tum
1351 1190 1452 1258 lenens
1473 1191 1597 1258 homero
1615 1193 1665 1258 in·

1264 1292 1419 1360 61166166.
1549 1325 1556 1348 ι

1181 1391 1257 1458 vidi.

436 1499 461 1560 t.
485 1502 660 1574 ΛΝ·Α(11.1
676 1497 796 1583 inpost.
818 1515 863 1580 gr,
875 1498 959 1576 6,111.
1058 1499 1203 1576 tiocia
1232 1497 1263 1562 in
1285 1506 1363 1590 post.

517 1600 615 1685 Caput
636 1599 716 1668 lovis
738 1599 918 1666 laureatum.

516 1704 627 1789 Aquita
647 1703 766 1768 fulmini
787 1700 939 1770 insistens.

351 1812 474 1883 166111
490 1812 615 1882 Mlti
640 1803 676 1871 in'
694 1811 772 1890 post.
816 1823 860 1890 gr.
871 1808 900 1882 8,
910 1807 960 1869 so.

517 1907 616 1993 Caput
637 1906 719 1975 lovis
741 1908 918 1974 laureatum.

517 2010 627 2098 Aquila
648 2009 766 2078 fulmini
787 2009 939 2076 insistens.

351 2121 421 2181 666.
437 2115 459 2200 Ρ
474 2111 528 2196 ·Ἐ
542 2113 573 2179 16
587 2121 665 2200 post.
693 2133 739 2198 gr.
754 2119 783 2190 6,
795 2117 847 2176 tt:
861 2129 960 2198 asper.

516 2215 646 2304 11116666,

518 2317 604 2404 lupa
625 2319 760 2402 geminos
782 2319 908 2385 laetans.

364 2511 470 2561 huni
487 2515 518 2559 ln
534 2510 624 2558 6161116
640 2507 699 2558 euri
717 2517 805 2559 aetate
819 2517 949 2564 umore·

380 2600 499 2653 6666666
508 2601 597 2652 rotent
606 2608 721 2651 amm.
729 2600 789 2652 aru.
797 2599 930 2643 16666666.

280 2775 287 2786 ¹
480 2715 579 2766 iloram
596 2712 624 2764 in
641 2727 753 2766 numero
769 2717 832 2764 ruat
876 2684 898 2788 Ἰ
923 2697 928 2716 ⁴

403 2802 435 2852 h.
446 2798 573 2865 heterii,
584 2799 617 2866 0.
630 2797 749 2852 Terentii
764 2795 911 2861 Culleonis,

346 2884 382 2937 11.
396 2883 470 2938 Proui
488 2881 629 2949 lluoxumi‚
647 2882 774 2936 Sisennae
790 2882 964 2953 proconsulis.

353 3041 709 3116 eunomianorum
734 3042 763 3104 in
788 3039 912 3124 postica.

479 3150 505 3215 Ν
530 3146 562 3208 16
585 3145 694 3208 antica

519 3244 960 3332 caputhinervaegaleatum.

518 3347 607 3412 Miles
622 3348 709 3414 hasta
724 3346 963 3434 6666661666-

561 3450 651 3516 116616
659 3469 748 3538 equo.
758 3449 961 3530 Pondetgr.7‚

485 3677 590 3753 loqui
607 3678 679 3728 noi·
697 3682 824 3728 16666666.

351 3869 496 3942 loom
511 3864 543 3932 in
559 3873 636 3951 post.
682 3872 835 3941 scaeva
852 3863 882 3931 in
898 3869 960 3932 ont.

519 3970 618 4056 Caput
638 3971 715 4037 (1666
739 3971 901 4057 galeatum.

519 4073 689 4141 Centaurus
711 4071 852 4140 manihus
869 4091 964 4162 supra

559 4184 651 4265 eaput
668 4177 755 4243 elatis
769 4191 886 4244 ramum
903 4177 962 4242 lert

1223 1597 1323 1684 Caput
1333 1598 1445 1668 6666161
1458 1599 1602 1667 imberbis
1611 1602 1665 1669 he·

1264 1701 1339 1767 dere
1359 1702 1540 1769 redimitum.

1096 1835 1125 1885 ·.
1223 1803 1376 1872 Panthera
1410 1812 1527 1892 tyrsum
1565 1807 1663 1872 terens

1263 1924 1347 1974 armo
1369 1909 1554 1977 inclinatum.

1182 2007 1249 2075 vidi
1271 2011 1301 2075 in
1324 2029 1429 2077 museo
1456 2011 1613 2079 Parmensi
1635 2022 1666 2077 et

1222 2119 1330 2177 stanno
1363 2115 1510 2200 expressi.
1542 2113 1666 2198 Lep'tur

1223 2216 1337 2301 passim
1353 2221 1436 2288 <an
1454 2219 1502 2284 vei
1518 2224 1594 2296 (ΑΙ,
1611 2219 1666 2284 sed

1222 2325 1269 2382 est
1290 2332 1519 2402 monogramma
1546 2319 1664 2386 littera-

1220 2439 1288 2486 rum
1313 2421 1663 2497 0611661161116666·

1223 2524 1326 2589 senius
1351 2525 1382 2589 iu
1404 2525 1521 2610 postica
1548 2526 1664 2596 leonem

1223 2626 1370 2692 describit
1390 2634 1547 2710 gerentem
1571 2628 1664 2695 bacu-

1222 2727 1286 2796 lum
1303 2730 1353 2796 uel
1371 2729 1521 2816 thyrsum:
1536 2731 1590 2796 sed
1606 2730 1663 2796 he·

1225 2834 1283 2896 sliu
1310 2833 1340 2896 io
1368 2852 1489 2899 nummo
1515 2831 1666 2919 insculpta

1223 2955 1282 3002 non
1305 2943 1352 3002 est
1372 2935 1498 3019 iubata,
1526 2943 1558 3001 et
1577 2954 1664 3001 aures

1222 3037 1386 3122 pantherae
1404 3038 1506 3103 habet.
1531 3038 1663 3102 Similem

1223 3160 1375 3207 nummum
1388 3140 1473 3218 dedit
1484 3161 1581 3227 nuper
1590 3141 1664 3222 lleg.

1224 3243 1316 3309 Poole
1333 3246 1366 3329 (1
1383 3241 1551 3330 Catalogue
1566 3244 1600 3308 oi
1614 3243 1665 3308 the

1222 3347 1324 3412 Greek
1346 3347 1439 3412 Coins
1452 3396 1459 3420 ‚
1473 3368 1501 3433 p.
1517 3347 1575 3431 86)
1598 3365 1665 3411 oum

1224 3448 1388 3537 epigraphe
1405 3459 1442 3525 Ᾰ.
1464 3449 1579 3515 Nomou
1598 3470 1664 3516 esse

1223 3553 1664 3638 magistraoascaitmcsot,

1177 3688 1180 3700 ·
1224 3661 1279 3727 ΤΑ
1318 3655 1438 3721 viderur
1482 3656 1666 3742 persuadere

1223 3756 1410 3844 comparatio
1441 3759 1552 3825 nummi
1581 3757 1665 3824 llar-

1223 3861 1338 3928 rurinis
1360 3861 1440 3927 male
1461 3861 1608 3939 attributi,
1626 3861 1665 3925 de

1221 3985 1282 4051 quo
1300 3962 1386 4031 inlra
1406 3987 1435 4031 n.
1456 3969 1529 4041 sis,
1550 3966 1582 4030 in
1604 3983 1665 4047 quo

1222 4069 1305 4136 olore
1322 4069 1505 4156 insculptum
1528 4075 1551 4142 (
1565 4097 1574 4115 ·
1590 4071 1664 4140 11118

1223 4171 1387 4247 6616116.
1493 4167 1503 4184 ‘

549 4301 650 4347 eursu
661 4299 752 4346 ruens
764 4280 803 4345 ad
814 4280 960 4348 dextram.
1058 4276 1184 4352 6761111
1209 4281 1327 4348 rouro
1351 4275 1383 4342 in
1405 4281 1465 4342 aot.

474 4382 553 4452 liele
575 4383 724 4469 expressit
741 4383 862 4458 Cohen,
877 4382 960 4448 hle'd.

517 4505 599 4552 cons.
618 4493 637 4552 t.
655 4485 708 4564 Vl,
728 4485 824 4563 lunia,
842 4490 868 4550 1.
891 4486 959 4554 Vidi

516 4591 546 4656 in
568 4608 672 4656 museo
695 4587 933 4658 Vindobonensi.

1223 4378 1322 4464 Caput
1342 4379 1419 4444 deae
1441 4378 1602 4462 galeatum.

1222 4481 1327 4568 Scylla
1347 4500 1437 4549 versa
1459 4481 1497 4547 ad
1520 4484 1647 4549 laesam.

1180 4580 1255 4654 Vidi.
1291 4585 1331 4652 ni.
1366 4586 1473 4653 Furius
1508 4583 1665 4673 Crassipes
