3650 5342
361 251 409 306 172

349 392 451 438 eorum
474 377 506 450 tr,
531 393 590 446 uon
615 373 755 438 utuntur:
780 373 1037 458 diphthongum,
1057 375 1146 438 etiam
1163 375 1194 437 iu
1211 374 1429 439 uocabulorum
1445 375 1558 451 radice,
1574 375 1668 440 absti-

348 484 434 551 nent,
460 467 490 540 n't
513 477 620 541 rustici
643 474 749 554 latini,
773 475 974 560 scribuntque
988 476 1105 551 Pretor,
1121 476 1210 549 Ceso.
1226 476 1346 542 Cesuia.
1370 475 1499 541 vocales
1514 476 1671 562 dupiicaut
1743 547 1751 554 ,

347 580 471 660 iungas,
495 601 510 640 o
534 600 591 644 nnn
617 587 759 664 excepto,
784 580 820 642 de
845 599 904 664 qua
924 579 1144 664 orthographia
1160 601 1185 642 v.
1204 580 1432 663 prolegomena.
1455 577 1617 644 Sententia
1631 581 1669 643 ti-

347 683 401 746 tuii
425 682 499 746 haee
524 691 578 746 est.
603 683 679 746 Lars
702 684 836 756 Coteua,
861 681 960 747 Lartis
983 681 1078 758 iilius,
1104 689 1234 766 praetor,
1252 689 1365 758 votnm,
1380 684 1462 767 quod
1477 690 1668 767 conceperat,

342 785 447 861 dedit,
470 804 507 848 eu
531 779 657 849 se'natus
680 784 849 859 sententia,
872 787 926 869 qui
949 784 1095 850 iudicarit
1118 805 1178 849 non
1201 786 1276 850 uitio
1299 791 1496 869 eorreeptum,
1514 787 1567 848 sed
1586 792 1668 849 reete

346 907 382 952 ea
405 888 443 952 de
467 907 561 953 causa
585 889 697 952 datum.
721 888 795 952 Vide
818 889 899 952 diota
921 890 949 950 in
973 888 1053 954 Diss.
1077 887 1159 953 edita
1176 908 1192 953 a
1209 909 1256 954 me
1276 889 1458 962 Romaesui
1473 886 1588 952 Canoui
1603 891 1670 971 epi-

345 987 449 1072 grafiei
473 991 502 1055 di
527 989 673 1056 Foderieo
697 991 824 1056 Bitschl.

336 1197 418 1283 ¹560.
443 1196 479 1276 (ε
494 1197 563 1270 tur,
579 1194 607 1257 ll
624 1197 665 1278 u).
684 1231 723 1243 -
744 1195 843 1280 Prope
862 1195 1040 1277 Lugnaunm
1056 1201 1189 1281 reperta,
1207 1213 1286 1260 nuno
1301 1194 1331 1259 in
1352 1213 1455 1259 museo
1470 1193 1658 1258 Monacensi.

450 1410 493 1470 Μ
513 1428 520 1444 ·
540 1410 583 1470 Μ
598 1409 603 1469 Ι
619 1409 645 1472 Ν
661 1406 683 1471 ὓ
699 1409 705 1470 t
720 1406 782 1472 OS
802 1430 808 1444 ·
831 1406 876 1472 i·
899 1350 946 1470 H·
1080 1400 1119 1464 'lu
1149 1400 1225 1484 pede
1253 1399 1428 1466 candelabri
1450 1399 1663 1464 ferentinensis

451 1507 849 1573 amoenos-tta
871 1536 878 1550 ·
901 1508 933 1571 et
1043 1503 1082 1565 Μ.
1114 1501 1244 1566 Mindius
1278 1504 1470 1576 nominatur,
1502 1519 1559 1565 uec
1589 1498 1662 1564 aiibi

449 1607 935 1678 nunties-vtcfismnenart
1044 1624 1119 1686 geue
1141 1605 1255 1669 Miuttia
1278 1605 1418 1670 occurrit.
1442 1605 1474 1666 P.
1497 1602 1662 1668 Condatios

446 1710 650 1778 ΑΡΟΡΟΝ
668 1713 743 1779 ES·
766 1714 820 1779 DE
836 1714 935 1779 nent
1046 1727 1102 1792 pro
1126 1707 1309 1771 Condeutios
1333 1707 1394 1771 diei
1413 1715 1484 1771 sunt
1502 1707 1553 1790 qui
1573 1715 1662 1770 autu·

1043 1817 1126 1874 mant
1129 1811 1367 1894 conseruntque
1378 1807 1663 1884 Placentrumlmu

340 1909 489 1987 rentium,
512 1912 709 1990 Terentium,
734 1912 905 1978 Iuventium
930 1918 1029 1976 aetate
1053 1909 1167 1975 liberae
1190 1910 1398 1996 reipublicae3
1422 1918 1522 1995 potest
1542 1911 1662 1975 enima

339 2013 488 2079 uendente
511 2012 659 2098 originem
683 2016 812 2093 ducere,
835 2024 868 2080 ut
892 2015 1016 2080 nomina
1037 2015 1196 2098 praedicta
1214 2033 1232 2078 a
1250 2015 1403 2091 Piaoeute,
1427 2015 1589 2091 Laurente,
1607 2014 1663 2077 Te·

343 2125 443 2194 rente,
456 2118 584 2184 lurente
600 2127 666 2183 orta
681 2139 748 2184 esse
765 2119 914 2184 dicuntur.
926 2116 1026 2182 Huius
1038 2116 1180 2182 Condetii
1194 2126 1281 2203 pater
1293 2116 1543 2201 praenominatus
1554 2124 1602 2182 est
1612 2115 1664 2190 Va,

340 2239 428 2305 quem
451 2220 573 2285 dubites
598 2221 750 2286 Valerium
775 2241 811 2285 ne
834 2241 870 2287 an
895 2219 1019 2286 Varium
1043 2221 1139 2285 dieas.
1162 2219 1227 2286 Vox
1249 2220 1330 2286 tilius
1353 2222 1398 2284 sio
1419 2221 1590 2295 imminuta,
1615 2226 1662 2296 Fi,

340 2325 370 2386 in
390 2323 486 2406 primo
505 2332 535 2387 et
553 2325 688 2389 seeundo
709 2343 813 2400 versu,
834 2321 1013 2409 praesertim
1032 2344 1100 2388 eum
1119 2325 1226 2387 tertius
1244 2331 1275 2388 et
1292 2330 1421 2407 quartus
1440 2342 1548 2388 versus
1564 2341 1662 2407 aeque

338 2423 370 2487 in
389 2434 395 2496 Ι
414 2425 563 2498 desinant,
580 2429 785 2512 suspicionem
803 2436 925 2492 movent
939 2429 998 2490 sint
1015 2447 1051 2491 ne
1066 2430 1168 2511 potius
1183 2426 1279 2511 signa,
1295 2446 1387 2511 quam
1403 2425 1532 2506 litterae,
1547 2425 1660 2510 quibus

339 2528 447 2594 urtiiex
470 2549 525 2615 pro
549 2529 672 2612 ingenio
695 2550 751 2596 suo
775 2530 868 2596 roiuit
891 2530 934 2593 uti
952 2531 982 2593 in
998 2529 1058 2594 fine
1076 2548 1228 2594 versuum.
1252 2529 1297 2594 De
1313 2530 1456 2595 vicesima
1470 2536 1556 2612 parte
1569 2529 1662 2612 Apot-

339 2631 409 2698 iinis
424 2633 519 2706 ¹aliud
548 2633 717 2718 exemplum
742 2653 799 2699 uon
823 2634 978 2718 suppetit,
1002 2640 1063 2698 neo
1081 2634 1177 2716 magis
1200 2653 1254 2697 eur
1277 2633 1392 2698 aediles
1413 2652 1481 2697 eam
1502 2632 1660 2708 dederint,

337 2735 488 2820 quibusve
510 2735 548 2800 de
571 2737 667 2800 bonis.

337 2945 406 3005 ent.
433 2946 469 3024 (ε
484 2944 552 3016 tet,
577 2941 683 3027 Suppi.
707 2942 736 3016 Ι,
760 2964 788 3026 p.
812 2947 845 3006 et
875 2945 920 3026 a).
944 2977 984 2990 -
1005 2943 1102 3034 Firmi
1121 2949 1243 3028 reperta
1265 2942 1294 3007 in
1317 2949 1419 3006 monte
1442 2939 1587 3005 Gernuio.

441 3116 460 3182 i
485 3118 703 3185 TERENTiO
722 3140 729 3156 ·
748 3117 766 3181 i
783 3120 828 3183 t
1001 3115 1156 3178 Laminam
1187 3112 1309 3176 tradunt
1337 3118 1488 3196 reperiam
1516 3130 1583 3203 cupi
1607 3128 1657 3173 ra-

441 3220 725 3286 (eramento
739 3221 793 3285 ·(·
808 3222 826 3285 f
956 3216 1039 3280 sibus
1059 3213 1200 3280 testaceis
1215 3212 1301 3278 XVil
1311 3266 1318 3290 ,
1337 3215 1367 3278 iu
1382 3214 1494 3297 quibus
1510 3219 1597 3278 erant
1612 3231 1659 3276 ar-

326 3365 355 3386 -.
440 3319 785 3389 ueterrimae
957 3317 1058 3400 geutei
1093 3319 1204 3382 nummi
1239 3317 1341 3402 penno
1370 3316 1516 3382 librarum
1546 3317 1654 3384 trium.

440 3430 484 3490 ΛΛ
498 3449 505 3462 ·
520 3424 670 3492 atnam
689 3449 696 3464 ·
711 3429 747 3492 i·
766 3428 784 3490 t=
957 3421 1058 3483 semis.
1074 3419 1161 3500 Quae
1176 3422 1201 3482 si
1214 3425 1379 3492 remeunt,
1393 3420 1505 3484 nummi
1518 3420 1655 3501 argentei

439 3527 785 3596 emetiamur-f
859 3601 860 3608 p
956 3529 1039 3588 uerte
1057 3523 1094 3587 ad
1114 3541 1166 3586 aes
1184 3523 1373 3586 multatieum
1394 3541 1451 3586 non
1471 3522 1568 3602 magis
1585 3540 1655 3606 per-

439 3631 706 3710 QVAtSTORES
958 3627 1069 3701 tinent,
1094 3647 1185 3710 quam
1208 3634 1305 3690 testae
1322 3628 1408 3712 ipsae
1428 3627 1457 3687 iu
1478 3625 1589 3708 quihus
1606 3643 1656 3687 re-

339 3727 346 3737 ’
439 3731 840 3800 ΑΙΕΕἈΛΟΠΑΤΙΕΟΙ)
958 3729 1035 3812 perti
1066 3729 1219 3794 dicuutur.
1253 3729 1384 3793 Firmum
1414 3726 1536 3792 colonia
1557 3745 1575 3791 a
1596 3725 1657 3790 tto-

439 3835 665 3902 DEDERONT
958 3829 1055 3895 urauis
1079 3831 1212 3895 deducta
1230 3837 1276 3894 est
1294 3851 1321 3894 n.
1341 3835 1399 3893 ruo
1420 3836 1552 3914 quatuor
1568 3827 1656 3896 aunis

957 3941 1027 4018 post
1048 3953 1140 4018 quam
1165 3937 1326 4014 argeutum
1350 3931 1465 3996 Romae
1485 3930 1567 3995 ieriri
1586 3949 1656 3996 eoe-

329 4041 413 4118 ptum
437 4043 491 4098 est.
515 4033 718 4120 Quinqueviri
742 4042 922 4120 quaestores
945 4044 1030 4100 extra
1054 4035 1190 4100 ordinem
1215 4037 1307 4101 creati
1330 4033 1480 4100 videntur.

330 4229 398 4288 569.
426 4264 460 4274 -
483 4221 583 4286 Antini
607 4223 777 4287 Marsorum
800 4225 881 4309 apud
906 4223 1099 4301 Ferrautios,
1123 4223 1245 4289 lamina.

437 4377 544 4450 Pit-Vi
556 4404 563 4422 ·
575 4378 890 4450 tacttesnafiots
1061 4376 1131 4439 Vidi
1151 4386 1180 4440 et
1199 4386 1308 4443 stanno
1327 4396 1503 4462 expressam
1521 4376 1604 4442 edidi
1622 4379 1652 4441 iu

436 4485 889 4552 tesvueovntomoeo
1018 4479 1144 4564 Ephem.
1164 4499 1254 4565 neap.
1277 4485 1369 4558 tata,
1388 4501 1416 4566 p.
1434 4485 1474 4544 iti
1492 4497 1558 4563 seq.
1580 4479 1654 4545 For·

343 4603 347 4608 ·
434 4587 484 4654 <n
499 4611 506 4626 ·
520 4589 724 4656 (VMNtOS
739 4611 746 4628 ·
761 4588 889 4655 (erut
1018 4585 1099 4648 muia
1120 4584 1189 4670 ipsa
1211 4586 1309 4650 latina
1330 4592 1376 4649 est
1397 4593 1428 4647 et
1446 4582 1595 4682 uiolentus
1613 4581 1651 4648 ad
