3650 5342
177 406 250 467 966.
271 402 406 487 statut
431 441 471 453 -
495 404 527 469 lu
550 405 676 491 Aprutio
699 412 829 490 reperta.
852 404 907 469 Est
929 414 959 471 et
982 408 1012 470 iu
1036 406 1247 473 llincbeniano.

737 562 813 629 teo
836 538 935 632 Ruti!

809 667 868 733 em

217 792 381 881 Descripsi.
409 796 497 860 l‘utat
514 794 648 860 llomms.
671 796 832 879 legendum
864 802 940 869 tto
956 831 964 845 ·
978 802 1060 868 >ltu
1077 830 1084 845 ·
1100 803 1167 867 et·
1182 804 1262 870 illl·
1290 796 1371 862 Nihil
1390 796 1498 865 miuus.

173 896 277 963 Lectio
307 905 393 962 certa
414 906 469 962 est.
492 899 568 963 Puto
590 899 741 981 legionem
765 919 832 964 esse
856 898 1014 963 firmanam
1043 901 1148 965 eodem
1177 907 1267 986 pacto
1296 900 1501 987 appellatam,

173 1020 235 1084 quo
257 997 340 1082 legio
361 1000 421 1065 xx
441 998 625 1066 Mutinensis
648 1001 787 1086 aliaeque
810 1001 943 1079 Surena,
968 1002 1082 1068 Sabina
1104 1008 1161 1066 etc.
1186 1003 1294 1068 dictae.

177 1190 248 1255 tot.
273 1189 530 1274 (=ooa).-1n
555 1189 676 1257 Piceno.

758 1330 833 1398 1.Εο
849 1363 855 1377 ·
869 1333 921 1398 tu<

216 1460 335 1527 llditam
357 1460 453 1527 babes
476 1461 590 1545 duplici
619 1463 759 1547 exemplo
782 1480 800 1525 a
822 1460 955 1538 bellico,
980 1462 1031 1547 qui
1056 1469 1183 1528 testatus
1206 1469 1254 1529 est
1275 1464 1304 1527 in
1334 1462 1445 1529 Piceno
1468 1472 1499 1530 et

173 1565 203 1628 in
226 1562 334 1628 vicinis
356 1563 469 1629 Asculo
492 1562 570 1628 locis
592 1566 753 1629 inventam.

175 1753 244 1813 968.
263 1749 302 1833 (=
313 1752 374 1814 665
389 1757 419 1814 et
433 1768 502 1834 pag.
522 1751 612 1833 559).
631 1788 670 1799 -
686 1750 721 1814 ln
738 1750 857 1815 Piceno.
872 1752 916 1815 Ex
932 1751 1168 1834 sautangeliauis
1185 1751 1279 1817 musei
1294 1748 1497 1836 Neapolitani.

792 1889 892 1959 Ebot

757 1993 920 2061 ΛΛΑΙΝΜ
995 2066 1002 2075 ,

784 2096 794 2131 ’
815 2095 892 2160 ont

216 2221 379 2309 besoripsi.
391 2222 565 2307 tegebatur
577 2232 641 2297 Nttl
659 2231 862 2298 ltdttttllsdt.
875 2225 1067 2309 Kiesslingus
1084 2226 1159 2309 legit
1177 2232 1272 2299 ΕΜΓ
1289 2230 1498 2299 optutum

177 2331 289 2399 onoc.
314 2326 404 2390 Puto:
429 2326 500 2405 Em,
523 2326 637 2393 mulum
659 2325 781 2394 millum.

174 2518 244 2581 969.
267 2517 404 2599 (2666).
426 2551 465 2562 -
485 2514 520 2579 lu
543 2514 655 2580 Piceno
678 2515 787 2581 litteris
810 2516 924 2581 incisis.

810 2658 861 2725 [tl

215 2806 308 2872 Dedit
328 2805 464 2873 Delficus
489 2806 585 2891 (catu
606 2816 665 2871 cot.
687 2809 809 2890 ptioode
832 2809 893 2872 tab.
917 2808 965 2891 5).
1001 2804 1136 2872 Similem
1160 2806 1223 2871 vidi
1246 2807 1279 2872 iu
1301 2826 1408 2873 museo
1431 2828 1499 2874 sau-

174 2908 349 2992 taugeliano
372 2917 404 2974 at
424 2908 533 2975 litteris
549 2908 721 2976 extantibus
748 2918 796 2983 tlt
819 2915 850 2976 et
865 2917 952 2996 parte
968 2929 1076 2974 aversa
1091 2928 1128 2974 ex
1144 2910 1316 2997 anaglypho
1333 2910 1495 2994 pugionem

173 3013 330 3078 terentem.
359 3013 508 3078 Glandem
531 3012 623 3077 etiam
645 3032 705 3078 uon
728 3015 870 3098 scriptam
891 3012 1025 3098 pugione
1047 3012 1233 3097 insculptam
1256 3013 1342 3077 dedit
1364 3013 1498 3079 Delficus

171 3118 201 3179 iu
224 3116 284 3182 tab.
307 3136 336 3180 n.
359 3119 389 3180 6.
413 3116 491 3180 Puto
515 3135 575 3181 non
599 3124 691 3181 recte.
713 3115 802 3194 Quae
825 3114 925 3181 lineae
948 3116 1028 3181 duae
1045 3116 1224 3181 decussatae
1240 3113 1360 3181 alsatis
1375 3134 1497 3181 crassae

171 3224 321 3303 apparent
342 3218 510 3302 aliquando
533 3220 563 3282 in
587 3238 695 3284 aversa
717 3219 826 3301 glande
854 3218 1004 3284 laniculos
1026 3237 1088 3334 peu
1121 3215 1242 3300 ῥάβδους
1269 3225 1498 3303 repraesentare

174 3326 303 3397 constat,
326 3318 447 3384 collatis
470 3318 633 3405 glandibus
656 3320 752 3385 musei
774 3318 967 3387 llincberiaui
985 3320 1125 3405 aliisque.
1143 3322 1220 3386 Sunt
1235 3338 1307 3385 vero
1322 3320 1352 3385 bi
1369 3320 1494 3386 luniculi

171 3422 331 3488 lundarum
355 3421 408 3487 alii
432 3422 510 3488 alios
532 3424 716 3488 scandentes
738 3426 782 3488 ita
804 3432 838 3488 ut
859 3423 999 3510 plagulas
1023 3430 1053 3488 et
1074 3423 1211 3489 maculas
1235 3423 1432 3509 scutulasquc
1454 3425 1496 3488 el·

173 3525 290 3590 liciant:
314 3533 502 3612 quapropter
523 3527 635 3591 lundae
658 3529 688 3591 iu
711 3529 822 3604 medio,
845 3528 927 3612 quod
951 3533 998 3592 est
1020 3525 1222 3605 reticulatum,
1246 3525 1361 3592 scutale
1376 3534 1495 3595 vocant.

170 3628 296 3694 Falsarii
320 3630 371 3714 qui
400 3630 431 3694 id
461 3650 520 3694 uon
550 3630 780 3706 intellexerunt,
803 3633 850 3694 vel
874 3631 980 3695 Delfici
1011 3638 1141 3716 ectypon
1172 3630 1412 3707 transtulerunt,
1441 3651 1496 3717 pro

170 3732 361 3817 plagularum
385 3732 539 3808 tuniculis,
563 3733 681 3815 gladios
703 3741 733 3798 et
755 3735 905 3818 pugiones
928 3734 1010 3798 dant.
1063 3726 1066 3733 ’

173 3919 245 3979 970.
264 3956 303 3967 -
324 3918 358 3981 ln
382 3938 486 3984 museo
509 3918 721 3985 llincbeniauo.

771 4063 895 4129 outo
979 4062 984 4079 '

213 4207 380 4291 Descripsi.
402 4209 550 4293 Legeram
572 4215 723 4285 Οζικο,
747 4230 856 4295 nempe
879 4231 975 4287 οσικο,
1000 4218 1032 4275 at
1051 4212 1196 4278 secundis
1227 4213 1309 4275 curis
1339 4209 1441 4275 littera
1471 4216 1493 4282 ss

173 4311 237 4374 uisa
259 4318 306 4375 est
327 4310 428 4396 potius
452 4332 596 4394 graecum
621 4318 645 4382 ll
671 4332 762 4397 quam
784 4336 819 4376 σι.
854 4314 963 4379 Fertur
993 4316 1063 4378 item
1092 4314 1152 4379 alia
1181 4315 1267 4397 glans
1296 4313 1419 4397 (=67t)
1448 4312 1493 4377 sic

172 4413 333 4499 inscripta:
360 4417 487 4492 anau.
522 4416 598 4480 Poto
625 4416 703 4479 male
732 4416 926 4501 descriptam.
957 4423 1082 4489 ΟΠΚΟ
1111 4424 1156 4481 est
1185 4415 1338 4498 genitivus
1367 4416 1493 4501 pluralis

170 4536 226 4600 pro
248 4515 375 4603 Opicom
397 4537 507 4603 nempe
529 4516 705 4603 Opicorom.
728 4517 842 4603 Opicus
865 4539 938 4584 vero
961 4519 991 4584 iu
1015 4520 1156 4585 omuibus
1180 4520 1243 4585 lene
1263 4518 1394 4606 antiquis
1414 4536 1494 4583 com·

172 4619 327 4684 meutaniis
349 4619 442 4685 scribi
465 4640 519 4706 pru
541 4620 643 4686 Obsco
666 4628 792 4687 testatur
815 4622 923 4688 Festus
946 4642 976 4708 p.
1000 4627 1071 4687 tau.
