3650 5342
246 317 266 359 0

154 411 224 470 tlt.
250 407 376 490 (dat,
401 406 445 483 ll,
470 403 491 468 p
515 435 581 469 .·-
604 405 729 471 lamina
751 422 843 470 aerea
864 403 895 470 iu
919 366 1023 470 museo
1045 402 1240 470 berolinensi.
1281 405 1285 410 ’

258 614 576 682 tito-nn·f·(·nn
757 607 839 673 Olim
862 629 880 674 a
903 629 950 672 me
968 607 1150 692 descriptam
1170 604 1250 672 edidi
1268 603 1469 690 suppleriqoe

256 719 489 786 Totus-PRO
503 718 579 785 ·Ρο
718 713 746 775 in
768 712 853 776 Actis
875 711 968 775 lead.
989 709 1111 776 Hercul.
1130 715 1207 774 teat
1230 731 1258 795 p.
1273 715 1303 781 8,
1320 705 1469 793 praetoris

257 821 295 884 rt
309 843 317 858 ·
331 821 576 887 monetent
719 834 773 899 pro
795 833 865 899 pop.
890 832 998 898 nempe
1021 832 1076 898 pro
1100 812 1213 896 poplod
1234 813 1368 877 ricesma
1390 808 1471 895 parti

719 917 808 981 diove
824 917 960 981 dedroot.
985 916 1184 980 tlommse'oio
1200 914 1314 999 placuit
1328 912 1472 998 supplere

150 1043 175 1084 r.
198 1027 217 1084 :t
239 1039 294 1105 pro
316 1022 478 1105 potestati:
509 1041 569 1105 quo
599 1018 710 1084 deinde
740 1019 921 1104 repudiato.
951 1019 1110 1103 amplexus
1132 1027 1181 1082 est
1202 1037 1257 1103 pro
1279 1015 1391 1103 poplod
1415 1015 1469 1080 diti

149 1124 236 1188 diove
259 1123 395 1188 dedront.
420 1123 496 1190 Nota
518 1121 672 1207 praetoris
696 1141 775 1186 nom.
800 1123 878 1207 plur.

152 1332 221 1393 told.
245 1328 366 1413 (2205,
389 1328 433 1402 ll,
458 1331 500 1410 o).
521 1365 559 1375 -
584 1326 711 1393 Lamina
733 1347 824 1394 aerea
845 1330 875 1392 in
900 1347 1003 1392 museo
1028 1325 1228 1431 Neapolitano

259 1538 438 1605 ΝΝΟΝΕΙ
620 1531 666 1595 llil
690 1533 785 1614 magis
808 1529 946 1597 varium:
970 1550 1037 1596 uam
1061 1531 1143 1616 quod
1166 1530 1215 1594 hic
1236 1529 1357 1594 dativus
1379 1547 1470 1594 casos

259 1640 445 1706 totctttn
574 1643 619 1698 est
651 1633 775 1699 lunonei
808 1635 960 1708 Loucina,
983 1635 1013 1698 in
1036 1633 1096 1698 alia
1118 1631 1231 1698 lamina
1252 1632 1398 1698 scribitur
1418 1631 1469 1697 lu·

576 1756 653 1801 none
677 1736 839 1803 Loucinai.
863 1739 934 1801 itam
956 1736 986 1800 in
1010 1736 1071 1831 alia
1093 1735 1210 1800 lonooe
1231 1734 1374 1801 Loucina.

153 1947 222 2007 tlt.
247 1939 387 2024 (dlv,
410 1941 517 2026 Suppt.
542 1941 597 2022 lll.
623 1977 663 1989 -
685 1942 810 2006 Lamina
832 1960 925 2006 aerea
947 1941 1019 2005 olim
1041 1942 1123 2026 apud
1146 1940 1190 2005 lo.
1209 1939 1298 2025 Bapt.
1317 1939 1362 2004 lie
1381 1939 1471 2004 ltossi

300 2052 470 2109 coactorem
495 2043 708 2126 argentarium.
733 2043 767 2104 V.
791 2044 852 2109 tab.
876 2044 906 2118 1,
931 2065 959 2108 o.
984 2049 1012 2120 l,
1034 2047 1064 2106 2.
1291 2059 1294 2066 ¹

478 2291 496 2332 tt

1148 2269 1163 2328 b

156 2444 635 2565 ωινννοΝεψοναικιΑι
749 2494 776 2562 a
859 2447 984 2589 p-Q·
998 2447 1170 2559 εὶς
1289 2421 1453 2622 {TQ

227 2511 890 2615 oroutsnnsruornnruoff
860 2605 891 2618 -
998 2502 1077 2627 ‘5⁵0
1137 2563 1178 2628 ο

193 2765 226 2829 ln
250 2763 372 2830 Secchii
395 2763 516 2828 schedis
538 2769 682 2828 accurate
706 2762 889 2828 delineatam
911 2762 1034 2837 inveni,
1054 2762 1144 2828 hodie
1161 2762 1288 2830 dimidia
1302 2783 1375 2850 pars
1389 2771 1472 2830 extat

150 2873 180 2932 in
203 2887 307 2933 museo
329 2866 508 2932 bononiensi
533 2868 629 2932 altera
653 2864 779 2930 dimidia
800 2871 852 2931 aut
875 2866 948 2930 latet
970 2874 1023 2931 aut
1045 2865 1145 2950 periit.
1181 2865 1344 2932 llimidiam
1373 2868 1472 2933 bono-

149 2972 285 3036 nieusem
309 2969 407 3034 edidit
430 2970 587 3034 Fabrsttus
610 2971 640 3033 in
660 2968 779 3043 lexico,
795 2968 876 3034 unde
892 2968 993 3033 hausit
1007 2966 1193 3034 ltitschelius
1210 2976 1241 3033 et
1255 2956 1473 3036 commentario

150 3074 299 3140 instruxit.
332 3073 549 3159 Supplementa
571 3070 706 3137 l'abretti
730 3072 830 3135 luere:
856 3071 973 3136 lunone
998 3072 1274 3137 Loucioai-aroud
1296 3072 1406 3137 castud
1428 3073 1472 3139 la·

54 3209 61 3226 ·
153 3177 243 3240 citud.
276 3174 460 3240 ltitsehelius
482 3173 613 3240 restituit
635 3175 698 3239 sio:
729 3174 844 3240 lunone
872 3173 1059 3238 Loucinai-.
1074 3225 1102 3238 ..
1126 3174 1233 3240 castud
1259 3175 1395 3254 lacitud,
1418 3175 1474 3240 lroc

152 3286 215 3358 est,
238 3286 325 3344 casto
349 3278 436 3343 lacto.
460 3277 577 3342 Tertius
599 3277 684 3362 operi
707 3277 837 3342 accessit
859 3276 1086 3349 Mommsenios‚
1111 3285 1215 3362 atque,
1238 3284 1273 3342 ut
1294 3280 1382 3356 solet,
1399 3278 1475 3343 alio-

155 3403 219 3446 rum
242 3381 651 3470 supplementis-repudiatis
675 3399 783 3445 novum
808 3380 864 3444 hoo
886 3380 991 3445 dedit:
1026 3381 1142 3446 lunone
1164 3380 1395 3445 -Lonoinai·die
1420 3401 1474 3446 ne-

152 3484 249 3548 fastud
280 3484 404 3548 lacitud.
437 3483 497 3547 Sed
527 3503 640 3568 operae
670 3482 800 3567 pretinm
824 3489 869 3546 est
893 3481 1027 3548 rationes
1050 3485 1117 3548 eius
1140 3484 1172 3547 in
1196 3484 1328 3549 medinm
1352 3483 1472 3549 afferre.

151 3585 246 3650 l’enet
259 3585 364 3672 itaque
379 3589 408 3651 in
426 3587 496 3650 add.
513 3595 544 3650 et
558 3605 637 3651 corr.
654 3587 692 3650 ad
709 3586 803 3651 lnscr.
819 3587 903 3650 latin.
920 3587 1082 3670 antiquiss.
1098 3608 1127 3672 p.
1144 3589 1200 3649 ant
1229 3585 1336 3651 caslud
1360 3586 1473 3652 tacitod

152 3709 187 3752 ne
208 3688 346 3772 potuisse
369 3688 491 3773 quidem
515 3689 557 3752 ita
579 3687 694 3752 scribi:
724 3713 737 3746 «
761 3687 886 3751 ollendit
909 3686 1009 3763 enim,
1032 3687 1091 3755 hac
1114 3693 1216 3753 aetate
1239 3688 1340 3766 tituli,
1365 3686 1474 3753 lacitus
1507 3738 1509 3749 .

151 3811 204 3874 pro
236 3793 334 3856 lactus
357 3815 387 3852 ».
422 3788 486 3854 Sibi
509 3811 580 3854 vero
604 3791 697 3854 molto
720 3791 817 3874 magis
841 3790 1007 3875 displicere
1029 3797 1161 3867 castum,
1184 3790 1265 3855 idest
1288 3815 1305 3851 o
1328 3791 1472 3856 ieiunium

152 3893 329 3978 translatum
354 3893 391 3957 ad
413 3913 502 3958 sacra
525 3895 620 3967 deae,
644 3895 669 3956 si
694 3912 753 3977 qua
776 3892 836 3957 alia
859 3901 925 3968 est,
949 3893 1040 3977 plane
1061 3910 1198 3968 romana,
1214 3912 1320 3977 quem,
1338 3894 1395 3970 ait,
1413 3913 1473 3958 uon

151 3996 285 4062 norimus
310 3995 367 4060 nisi
390 3997 422 4059 in
445 3993 540 4061 sacris
562 3996 766 4059 Romanorum
791 3996 931 4079 graecis,
955 4004 987 4059 ut
1008 4003 1078 4060 sont
1100 3996 1215 4068 lsiaoa,
1239 3995 1471 4080 Cererisque».

150 4097 232 4165 llaec
254 4099 488 4171 Mommsenius,
512 4097 624 4162 oblitus
648 4098 766 4162 scilicet
787 4098 927 4182 Magnam
954 4098 1099 4173 lintrem,
1116 4096 1206 4164 cuius
1223 4099 1320 4181 gratia
1335 4097 1472 4175 Romani,

148 4209 180 4266 ut
199 4200 379 4266 Tertulliani
402 4200 503 4266 verbis
527 4208 609 4277 utar,
634 4200 813 4287 exceptione
837 4207 990 4265 certorum
1014 4200 1184 4266 eduliorum
1207 4219 1241 4265 se
1260 4198 1472 4284 purificabant.

150 4305 201 4369 llis
222 4305 319 4370 tribum
342 4313 451 4389 quarta
473 4305 589 4370 accedit
611 4323 629 4368 a
652 4302 795 4368 llomanis
821 4301 926 4369 ieiunii
948 4288 1101 4386 religione
1122 4303 1223 4378 culta,
1246 4302 1324 4368 luno
1347 4302 1472 4370 Lucina.

148 4405 235 4486 Quae
248 4409 322 4493 quia
336 4406 415 4472 aliae
430 4407 608 4473 terebantur
622 4406 765 4482 iunones,
782 4425 901 4490 eaeque
918 4407 1063 4482 Lucinae,
1077 4407 1172 4470 terme
1194 4412 1228 4470 ot
1242 4406 1325 4490 epod
1339 4404 1472 4472 Graecos

151 4509 298 4597 llitlryae,
330 4512 442 4576 dicitur
469 4509 541 4574 'esse
563 4509 678 4574 Lucina
699 4509 800 4585 lovis,
825 4508 879 4572 illa
902 4527 1029 4594 nempe,
1055 4528 1145 4594 qoam
1168 4507 1384 4574 obstetricasse
1406 4507 1470 4574 lori

148 4612 271 4678 aiebant
293 4613 489 4698 parturienti.
513 4632 573 4698 qno
598 4621 733 4697 tempore
758 4609 895 4676 llinerva
918 4631 934 4674 e
958 4611 1086 4676 cerebro
1105 4613 1170 4676 eius
1189 4619 1305 4676 armata
1321 4611 1472 4697 prosiluit,
