3650 5342
359 279 394 338 38

384 399 448 466 Ηοε
471 402 512 466 ila
534 403 668 480 scandit,
692 410 724 468 ut
747 405 844 490 prima
866 423 937 486 pars
953 403 993 468 sit
1009 406 1172 472 iambicum
1193 406 1352 470 dimetrum
1369 405 1590 484 catalecticum,
1606 406 1672 469 sire

343 509 549 570 tetrametrum
571 505 734 582 colobum‚
758 507 892 572 secunda
921 507 1104 571 trochaicum
1136 495 1295 573 dimetrum
1326 508 1672 594 brachycataloclioum,

343 605 401 672 boo
423 615 470 672 est
492 609 589 674 tribus
613 609 760 673 trochaeis
791 617 943 673 constans.
971 609 1079 674 Forma
1108 610 1199 694 igilur
1226 612 1390 676 baec‘esse
1412 611 1605 694 intelligitur,
1629 614 1673 674 ait

344 707 534 777 dermannus
557 712 663 793 (illem.
688 712 784 782 doctr.
808 720 893 778 metr.
916 734 946 797 p.
969 713 1056 795 bill:

772 842 1246 972 t-t-t-tyl-n-kvssv.

387 1019 420 1084 ln
445 1018 491 1084 bis
514 1019 651 1084 versibus
680 1021 833 1106 spondeus
857 1027 886 1084 cl
909 1020 1080 1086 lribracbus
1113 1021 1224 1107 ubique
1255 1022 1420 1087 admittitur
1441 1041 1498 1109 pro
1520 1021 1622 1087 iambo
1644 1027 1675 1085 et

345 1123 503 1198 troobaeo;
528 1141 580 1207 pro
605 1123 742 1208 spondeo
766 1143 836 1187 vero
860 1123 999 1208 dactylus
1019 1130 1049 1188 el
1067 1132 1267 1208 anapaestus:
1290 1134 1321 1188 at
1343 1123 1495 1211 daclylum
1510 1125 1550 1190 ab
1566 1124 1673 1189 ultima

343 1227 416 1290 sede
433 1226 590 1291 exclusum
607 1233 692 1310 putat
707 1225 912 1292 Hermannus.
926 1225 1200 1308 Originenrrcrsus
1216 1227 1343 1292 saturnii
1361 1227 1498 1292 naeviani
1511 1246 1530 1291 a
1541 1227 1672 1292 iambico

343 1327 461 1393 senario
484 1329 594 1413 repetit
620 1315 783 1394 Diomedes
807 1329 854 1413 [p.
880 1333 940 1392 lob
963 1329 1019 1410 P.);
1043 1329 1147 1413 itaque
1169 1330 1213 1394 sie
1237 1331 1342 1416 scandi
1366 1330 1429 1396 vult
1450 1337 1482 1396 ut
1503 1349 1557 1394 sex
1581 1329 1672 1394 iambi

341 1431 416 1506 sint,
440 1438 469 1494 el
491 1434 624 1515 supersit
646 1431 764 1524 syllaba
787 1431 816 1495 in
839 1430 914 1494 line:
945 1505 948 1515 Ι

554 1586 694 1651 sinnas
717 1565 723 1694 1
748 1605 823 1672 opes
846 1565 851 1688 Ι
876 1587 929 1672 qni
953 1567 1066 1694 leigun
1090 1542 1198 1694 reygers
1224 1563 1229 1691 y
1254 1564 1395 1691 rerrelgn.

384 1739 496 1807 Contra
518 1740 710 1806 Hermannus
724 1741 863 1806 anacrusi
887 1739 1083 1818 inducta,‚de
1099 1760 1257 1826 quantor,
1281 1741 1327 1804 sio
1350 1740 1467 1804 scandit
1482 1747 1516 1835 pt
1529 1743 1670 1806 senarius

342 1845 381 1908 sit
403 1842 590 1909 trochaicus:

386 2153 470 2218 Nunc
493 2161 525 2216 ut
547 2151 747 2236 intelligentia
769 2155 806 2217 ad
831 2172 868 2218 ca
891 2172 969 2237 quae
992 2154 1250 2230 ele-salurniorum
1269 2152 1536 2239 expendendorum
1556 2155 1671 2220 ralione

343 2256 476 2346 dicturus
499 2275 566 2320 sum
589 2256 775 2328 recludatur.
799 2275 947 2341 erponem
966 2275 1045 2340 quae
1062 2256 1101 2320 de
1116 2257 1176 2318 arsi
1193 2261 1223 2317 et
1238 2255 1324 2332 thesi,
1342 2256 1380 2320 de
1398 2255 1549 2331 anacrusi
1567 2257 1669 2342 deque

344 2366 470 2424 accentu
492 2369 521 2422 el
544 2357 662 2445 rythmo
685 2379 704 2422 a
726 2360 929 2443 grammaticis
953 2360 1119 2424 traduntur.
1143 2358 1234 2422 Aiunt
1256 2359 1398 2441 igilurin
1423 2359 1559 2443 quolibet
1581 2378 1671 2422 voca·

342 2460 415 2526 bulo
437 2461 569 2547 aliquam
592 2460 740 2547 syllabam
763 2466 936 2527 necessario
955 2464 1094 2540 existere,
1110 2461 1432 2546 quaepronunliaudo
1455 2462 1599 2535 elevetur,
1622 2482 1670 2525 re-

341 2566 445 2648 liquae
478 2585 550 2628 vero
578 2564 793 2649 deprimantur.
821 2563 928 2643 belini,
955 2565 1074 2628 elevant
1099 2563 1294 2648 penultimam
1317 2571 1370 2628 aut
1391 2564 1669 2649 antepenultimam,

343 2687 399 2732 nec
416 2668 542 2733 ulterius
565 2669 688 2751 linguae
711 2687 785 2732 suae
809 2670 1007 2753 proprietates
1034 2667 1176 2753 progredi
1203 2673 1341 2750 possunt:
1366 2666 1416 2732 illa
1439 2667 1530 2750 igitur
1550 2667 1672 2751 syllaba

343 2789 422 2854 quae
437 2771 581 2848 elevatur,
597 2770 678 2835 arsin
692 2787 747 2836 seu
762 2770 963 2834 elevationem
981 2769 1118 2847 babebil3
1135 2770 1272 2853 reliquae
1287 2789 1367 2854 quae
1380 2776 1546 2854 ponuntur,
1559 2769 1670 2844 tbesin,

341 2880 375 2936 ut
396 2872 427 2936 in
452 2870 521 2938 boc:
546 2877 645 2954 pater,
669 2874 812 2958 eoquod
836 2873 1041 2957 pronuntiatio
1065 2873 1158 2936 latina
1180 2873 1220 2935 sit
1241 2872 1408 2946 trochaica,
1432 2871 1523 2937 babel
1542 2873 1623 2936 arsin
1641 2875 1669 2934 in

341 2997 390 3058 po.
421 2975 453 3038 ln
480 2975 637 3042 vocabulis
660 2977 748 3040 trium
780 2983 830 3040 aut
858 2977 986 3061 plurium
1015 2975 1215 3062 syllabarum,
1238 2975 1264 3038 si
1288 2975 1453 3060 penultima
1480 2983 1527 3038 est
1554 2974 1671 3050 brevis,

344 3081 421 3142 arsis
446 3077 575 3143 babetur
596 3079 626 3142 in
649 3079 895 3162 antepenultima,
919 3080 943 3142 si
969 3079 1056 3161 longa
1080 3085 1139 3156 est,
1163 3080 1221 3142 erit
1243 3080 1271 3141 in
1295 3077 1462 3162 penultima
1479 3085 1512 3142 ul
1529 3077 1673 3164 populos,

345 3185 497 3246 romanus.

385 3283 533 3368 Quaeque
557 3285 661 3348 vorin
686 3284 762 3347 duas
785 3290 887 3369 partes
910 3281 1069 3359 dividitur,
1094 3282 1124 3344 in
1147 3300 1213 3344 earn
1237 3299 1344 3366 nempe
1367 3300 1447 3364 quae
1469 3279 1562 3344 babet
1579 3281 1671 3356 arsin,

343 3395 373 3450 et
394 3387 425 3448 in
450 3406 515 3450 earn
538 3405 618 3470 quae
641 3385 699 3450 boc
722 3387 783 3450 ictu
807 3384 994 3449 destituitur:
1014 3384 1062 3447 illa
1078 3402 1149 3469 pars
1165 3401 1243 3466 quae
1261 3381 1353 3447 babet
1368 3383 1460 3461 arsin,
1476 3385 1552 3447 arsis
1566 3385 1673 3469 appel-

342 3489 436 3565 latum
460 3469 545 3573 quae'
555 3488 617 3552 arsi
633 3495 725 3564 caret,
744 3487 834 3552 tbesis
851 3487 971 3550 dicitur.
995 3486 1045 3549 Sic
1064 3486 1093 3548 in
1114 3510 1129 3544 u
1145 3485 1274 3570 populus
1295 3488 1437 3550 romanus
1452 3511 1466 3545 n
1487 3507 1524 3566 pu
1543 3493 1573 3549 et
1589 3508 1673 3548 rmno

341 3591 483 3654 dicuntur
498 3609 589 3666 arses,
601 3593 689 3673 polae
703 3598 734 3654 el
748 3612 801 3652 nor
817 3591 961 3655 dicuntur
976 3589 1090 3653 theses:
1108 3591 1136 3651 in
1155 3589 1366 3671 «consilium»¹
1380 3594 1409 3651 et
1423 3587 1667 3674 «depositione»

341 3698 421 3756 conci
439 3700 468 3757 el
490 3695 627 3774 depositio
649 3701 842 3768 santarem,
867 3694 937 3754 lium
959 3698 990 3754 et
1012 3700 1138 3757 ne‘sunt
1159 3691 1270 3754 theses
1302 3689 1384 3754 Haeo
1406 3693 1605 3772 grammalici.
1634 3695 1673 3754 nt

340 3796 495 3860 Bentleins
514 3798 613 3880 etqui
633 3813 701 3862 euin
720 3796 859 3882 sequitur
883 3795 1072 3860 dermannus
1092 3803 1193 3858 tonent
1212 3793 1292 3857 arsin
1313 3795 1425 3858 esseio
1444 3794 1535 3858 unica
1553 3794 1673 3880 syllaba

341 3899 394 3961 illa
417 3919 495 3983 quae
518 3900 578 3962 arsi
602 3905 734 3980 notatur,
749 3907 885 3965 caeteras
909 3918 979 3962 vero
1002 3897 1134 3982 syllabas
1150 3915 1218 3960 esse
1235 3896 1352 3960 tbesim.
1377 3897 1540 3962 Praeterea
1555 3903 1672 3982 parlem

341 4002 434 4078 vocis,
461 4021 540 4085 quae
562 4010 632 4066 aulo
656 4003 748 4068 ictum
772 4001 1048 4080 est,l1ernrannus
1072 4008 1160 4064 vocat
1183 4000 1361 4077 anaorusin,
1384 4000 1528 4084 quoniam
1552 4019 1610 4065 nec
1633 4002 1673 4064 ab

341 4105 403 4168 ictu
425 4106 489 4167 sive
512 4106 571 4168 arsi
595 4105 721 4190 pendet,
745 4121 845 4189 noque
869 4104 946 4167 arsis
969 4111 1023 4166 est.

383 4206 457 4271 ilem
482 4207 678 4274 Grammatici
702 4210 794 4283 aiunt,
819 4209 902 4271 utin
929 4206 1083 4271 recitando
1108 4208 1312 4290 pronuntialio
1335 4205 1488 4270 trochaica
1511 4213 1565 4283 εει,
1584 4208 1626 4270 ila
1641 4209 1672 4271 in

340 4310 513 4374 scandendo
536 4311 624 4376 sedes
647 4319 793 4376 accentus
817 4312 846 4374 in
866 4317 1031 4374 exirenranr
1055 4308 1204 4394 syllabam
1225 4309 1412 4388 transfertur,
1429 4315 1459 4374 et
1473 4316 1519 4374 εει
1535 4329 1674 4394 pronun·

342 4412 425 4477 tiallo
448 4413 594 4494 iambica;
618 4413 717 4479 dillert
747 4415 838 4496 igitur
868 4413 897 4475 in
927 4411 1062 4495 qualibet
1096 4431 1170 4474 vore
1200 4419 1344 4476 accentus
1373 4413 1597 4497 pronuntiantis
1632 4414 1673 4477 ab

340 4525 468 4581 accentu
485 4518 674 4582 scandentis:
691 4517 741 4582 ille
759 4516 881 4602 proprie
898 4521 1043 4579 accentus
1059 4512 1177 4589 dicitur,
1194 4515 1251 4578 iste
1267 4533 1411 4579 numerus
1426 4534 1481 4579 seu
1494 4513 1672 4600 rbytbmus;

340 4619 391 4684 ille
414 4619 447 4684 lit
468 4622 529 4685 toni
552 4620 737 4700 elevatione,
761 4619 819 4683 iste
847 4618 982 4700 gignitur
1009 4617 1149 4681 brevibus
1177 4623 1207 4682 et
1234 4616 1343 4699 longis.
1376 4616 1449 4682 lnde
1477 4638 1671 4704 consequens
