3650 5342
678 468 764 541 unu.
793 467 847 542 lt.

288 693 395 739 nomini
414 702 476 740 oure
495 699 521 738 et
539 699 601 746 pont
619 706 664 740 nn.
685 698 731 740 5³7
752 695 780 739 in
800 693 876 739 Ιιιιίι
893 705 909 739 ι
927 692 1055 739 noma-is
1073 693 1145 743 noui,
1164 693 1237 743 eost.

136 806 196 859 num
214 805 317 862 carrum
335 806 407 854 ouis.
426 805 527 859 parrum
546 806 686 853 curionum
706 807 910 884 rrrrruoemrnm.⁴
923 811 949 850 er
967 806 1067 851 uiuri·
1087 799 1180 865 HR,
1207 798 1257 864 Π
1279 797 1405 868 ΚοΜΑ,

665 929 668 936 ’
704 919 826 974 miroque.

119 1173 156 1232 tt.
179 1175 222 1240 [Τ
248 1168 277 1233 in
301 1170 417 1244 antica,
444 1176 464 1241 lt
488 1167 517 1232 io
542 1170 670 1254 postica.

271 1273 370 1356 Caput
393 1271 553 1336 barbatum
577 1272 798 1346 diadematum,
822 1290 910 1334 coma
932 1273 1071 1348 madida,
1094 1272 1222 1338 tortasse
1246 1271 1346 1336 Nerei.

272 1375 384 1459 Aquila
406 1374 519 1460 thynno
544 1374 700 1438 insistens.
1440 1367 1444 1374 ’

230 1481 270 1540 ds
294 1477 419 1555 librale,
445 1478 582 1560 pendens
605 1479 712 1540 uncias
735 1477 798 1540 lore
822 1496 940 1540 novem.

229 1581 283 1644 Est
304 1580 333 1643 in
359 1581 569 1646 llirelrericoo.
594 1579 682 1644 aliud
708 1578 880 1666 exemplum
904 1582 966 1644 vidi
988 1581 1069 1665 opud
1093 1580 1299 1667 Depolettlum
1317 1581 1426 1646 litteris

152 1683 278 1756 detritis,
301 1683 384 1768 quod
408 1703 443 1747 ex
468 1703 541 1766 agro
565 1683 711 1748 veliterno
735 1683 794 1748 siti
818 1683 944 1748 allatum
967 1684 1038 1746 milii
1064 1685 1207 1748 narravit.

699 1860 830 1914 Arsentei.

121 1999 162 2058 35.
184 1993 314 2078 (dtu.)
339 1995 372 2076 a)
400 1998 419 2063 t
444 1995 472 2056 io
495 1993 598 2058 antica
620 1999 661 2068 Τ»
686 1999 805 2064 ROMA
829 1992 876 2057 vel
900 1997 1021 2068 Rotdn
1045 1993 1075 2057 in
1098 1994 1228 2076 postica.

195 2099 226 2180 t)
251 2103 277 2170 T
298 2097 327 2160 in
350 2099 468 2181 postico
490 2102 520 2160 et
545 2101 665 2168 nomn
689 2098 734 2161 vel
759 2101 890 2172 [ζοΜΛ.

276 2200 374 2284 Caput
395 2200 565 2264 laureatum
588 2199 677 2264 lovis.

276 2303 411 2368 Victoria
434 2303 610 2389 trophaeum
635 2309 772 2368 coronat.

235 2404 415 2472 victoriatus
438 2426 577 2472 nummus
600 2407 737 2490 pendens
760 2425 805 2488 gr.
828 2407 927 2482 ³³7,
952 2409 1053 2482 uua,
1077 2407 1168 2483 Qut.

196 2511 225 2592 c]
252 2512 319 2582 tin
343 2511 456 2586 antica,
481 2517 509 2581 T
534 2511 562 2573 in
587 2511 705 2593 postica
726 2514 756 2575 et
782 2513 914 2581 noun.

276 2611 374 2698 Caput
395 2614 473 2678 deae
498 2613 587 2696 galea
608 2609 759 2677 corinthia
782 2617 905 2676 tectum.

276 2715 443 2782 Dioscorus
466 2735 545 2800 equo
570 2722 675 2780 vectus
699 2715 737 2778 ad
760 2711 818 2777 sin.

239 2819 434 2885 vindobonae
457 2820 486 2882 in
512 2839 616 2885 museo
639 2819 718 2898 vidi,
742 2817 854 2902 pendet
877 2837 922 2900 gr.
945 2817 1008 2881 lere
1032 2819 1133 2896 0‚90‚
1156 2816 1291 2882 libellam
1315 2824 1400 2902 puta.

730 2994 816 3042 derel.

199 3126 232 3208 o)
258 3134 275 3198 t
297 3129 325 3190 in
348 3129 465 3201 antico,
487 3132 515 3196 T
539 3127 568 3190 in
591 3127 711 3211 postica
732 3133 762 3192 et
787 3132 920 3200 κοΜΑ.

279 3229 376 3315 Caput
399 3231 475 3294 deae
498 3230 585 3312 galea
608 3228 758 3295 corinthia
782 3237 892 3296 tectum
916 3236 946 3294 et
970 3237 1040 3294 nota
1063 3270 1101 3302 ..
1125 3231 1154 3293 in
1178 3237 1328 3296 sextante.

277 3333 415 3398 Dioscuri
438 3352 505 3397 oum
529 3331 643 3398 lanceis
668 3331 853 3418 equitantes,
877 3354 968 3398 uranu
990 3353 1137 3418 prospere
1159 3333 1248 3399 elata.

202 3437 231 3520 b)
255 3441 272 3506 t
296 3438 324 3501 in
347 3438 464 3513 antica,
488 3443 514 3507 Τ
537 3438 568 3499 in
591 3437 709 3520 postica
732 3443 761 3500 et
786 3442 919 3509 ROMA.

281 3539 378 3624 Caput
401 3540 477 3604 deae
500 3541 588 3622 galea
610 3538 740 3626 plrrpgia
761 3541 841 3604 alata
865 3547 974 3604 tectum
998 3559 1068 3604 cum
1092 3545 1228 3624 protome
1251 3540 1361 3626 gryphi
1381 3561 1435 3626 pro

322 3645 432 3720 orista,
455 3649 485 3707 et
508 3649 578 3707 uoto
601 3675 618 3712 ο

279 3747 442 3811 Dioscorus
464 3745 570 3810 lancea
592 3747 729 3831 proiecta
751 3765 831 3831 equo
855 3755 970 3812 rectus.

203 3851 229 3930 o)
255 3856 273 3921 t
295 3851 324 3914 in
348 3850 481 3934 postico,
505 3855 532 3919 Τ
555 3852 583 3912 in
607 3850 715 3914 antica.

282 3954 345 4017 Duo
369 3954 469 4037 capita
492 3953 594 4035 iugata
616 3953 845 4018 Dioscororum.

281 4055 347 4120 Duo
370 4055 440 4140 equi
464 4055 607 4120 salientes
630 4056 725 4119 stellis
748 4054 1009 4140 superstantibus,
1032 4055 1145 4139 pendet
1168 4074 1212 4136 gr.
1236 4059 1348 4126 2925.

129 4157 178 4218 tt.
199 4157 226 4240 o)
250 4163 368 4231 ΤοΜΛ
392 4161 421 4222 in
445 4159 562 4245 postica
585 4165 615 4222 ot
638 4163 656 4228 l
681 4160 710 4221 in
733 4161 845 4224 antica.

282 4260 381 4347 Caput
404 4262 575 4325 laureatum
599 4260 761 4344 Apollinis.
1367 4329 1370 4333 ,

282 4363 416 4428 Dioscuri
433 4364 538 4428 lancea
554 4365 689 4447 proiecta
706 4365 734 4426 in
752 4366 839 4448 equis
855 4371 1025 4428 currentes:
1046 4371 1116 4428 riola
1130 4361 1312 4448 qoineuocis
1331 4393 1437 4433 ..m

245 4467 353 4532 nereus
366 4466 519 4550 quincunx
535 4465 674 4552 pendens
690 4487 734 4549 gr.
747 4470 864 4543 Dauo,
881 4466 1060 4531 referendus
1075 4465 1299 4531 aduentantem
1317 4474 1440 4529 sextan-

168 4562 279 4643 tarium,
301 4589 388 4654 quem
412 4570 469 4634 hac
492 4577 591 4635 notate
610 4571 742 4634 nondum
760 4569 896 4634 extitisse
913 4571 956 4634 ait
973 4566 1190 4634 Mommsenius
1210 4568 1362 4654 (llistoire
1380 4578 1438 4638 etc.

172 4684 199 4748 p.
219 4671 272 4733 228
293 4673 338 4736 ed.
360 4673 500 4757 Blacnsl.
767 4687 769 4690 ·
