3650 5342
360 255 392 312 tt

343 377 427 442 Pauli
451 377 568 443 Aemilii
593 378 622 442 in
646 376 795 463 Hispania
825 377 959 444 inventa.
983 376 1057 442 Cum
1080 377 1160 441 enim
1188 379 1302 463 scripta
1323 379 1364 442 sit
1385 380 1470 445 annis
1498 378 1670 464 quindecim

343 487 412 545 ante
428 498 455 544 a.
473 500 501 546 ιι.
519 501 544 546 c.
564 484 636 560 580,
661 481 743 565 quod
767 480 883 547 initium
907 479 1092 545 llitschelius
1110 478 1180 544 huic
1196 499 1292 545 novae
1306 480 1542 566 orthographiae
1557 482 1671 565 posuit,

347 588 445 648 umen
474 581 610 669 quinque
637 583 762 669 praehet
789 582 1002 667 geminationis
1025 584 1163 668 exempla
1185 584 1213 646 in
1237 590 1371 661 WRRl,
1404 590 1530 659 Εςςεῖ,
1560 589 1673 655 oppl-

349 691 449 761 bula,
476 690 703 761 eosstueee
727 691 902 778 vestem
927 686 974 749 bis
997 692 1180 752 tantumnon
1195 689 1328 784 geminat
1349 689 1379 753 in
1407 692 1671 760 eoseutseltt.

307 841 315 858 .
350 793 501 865 ΙονςΙΤ,
525 807 615 873 quem
644 807 755 853 morem
784 787 880 873 magis
909 788 1081 872 geminandi
1109 807 1199 873 quam
1228 809 1287 853 non
1315 788 1488 873 geminendi
1516 791 1671 874 proprium

349 892 421 956 lacit
442 889 630 956 Ritsehelius
653 889 874 977 progredientis
897 892 1011 957 saeculi
1035 891 1153 977 septimi
1176 892 1226 976 (tl.

387 991 432 1057 En
455 992 501 1057 his
524 991 649 1076 intelligi
673 1012 728 1078 par
750 999 796 1057 est
818 993 950 1060 Senatus
965 995 1134 1059 consultum
1151 994 1189 1058 de
1207 994 1458 1072 Bacchanalibus,
1475 994 1557 1080 quod
1573 991 1670 1060 veluti

347 1094 576 1160 fundamentum
597 1095 766 1180 llitschelio
787 1096 842 1160 luit
863 1097 1036 1181 opinionum
1059 1103 1089 1160 et
1110 1115 1259 1161 canonum
1282 1117 1418 1178 suorum,
1442 1116 1500 1162 non
1513 1097 1591 1162 cavi
1606 1095 1674 1180 pol-

347 1196 410 1264 lere
433 1217 522 1283 quam
545 1216 618 1283 prae
642 1217 675 1262 se
698 1197 775 1262 ierre
799 1199 930 1263 videtur.
954 1199 1116 1282 Potuitque
1139 1199 1230 1263 scribi
1255 1221 1283 1263 a.
1304 1219 1331 1264 ιι.
1350 1204 1411 1264 568
1434 1217 1471 1264 ea
1494 1199 1674 1276 litteratura,

347 1320 445 1386 eoque
464 1297 533 1366 stilo
551 1299 710 1366 vetustatis
729 1300 781 1387 qui
800 1301 911 1367 iamdiu
932 1301 1131 1379 obsoleverat,
1152 1303 1340 1386 antiquitatis
1363 1302 1552 1369 affectandae
1570 1321 1674 1378 cansa,

348 1404 439 1470 credo
465 1409 499 1468 ul
521 1403 651 1470 Senatus
679 1403 822 1470 maiorem
849 1405 1028 1488 dignitatem
1057 1406 1119 1470 suis
1147 1403 1442 1490 praescriptionibus
1466 1413 1675 1488 ,mercaretun

348 1508 403 1572 nisi
429 1505 529 1592 potins
552 1506 601 1571 hic
626 1515 696 1572 tunc
720 1506 775 1572 luit
797 1505 908 1574 Curiae
932 1509 961 1572 in
985 1507 1131 1573 consultis
1155 1507 1287 1572 ferendis
1310 1508 1396 1574 stilus
1420 1508 1474 1592 (Ξ).

394 1609 488 1674 Venio
514 1609 551 1674 ad
575 1610 688 1692 gradus
716 1609 886 1692 geminandi
911 1631 930 1674 a
951 1610 1117 1675 ltitschelio
1146 1609 1294 1675 inventos.
1324 1611 1353 1674 ls
1381 1612 1486 1676 statuit
1512 1613 1611 1696 primo
1633 1609 1674 1674 ah

349 1731 377 1777 a.
402 1715 461 1776 580
486 1712 523 1776 ad
548 1715 608 1776 620
632 1713 804 1797 promiscue
826 1731 894 1778 esse
921 1715 1107 1796 geminatum
1135 1721 1164 1778 et
1188 1733 1246 1778 non
1269 1715 1470 1795 geminatum,
1494 1714 1576 1798 quod
1605 1732 1675 1777 cum

348 1815 425 1880 serio
449 1813 488 1879 ab
512 1832 547 1879 eo
569 1815 609 1878 sit
629 1816 867 1901 pronuntiatum,
890 1824 995 1901 posset
1015 1817 1110 1880 rideri
1134 1817 1335 1882 monumentis
1358 1817 1556 1881 ratiocinatus
1579 1815 1675 1900 probe

349 1919 496 1994 excussis,
518 1936 574 1982 nec
591 1916 717 1996 iniuria3
736 1915 766 1982 id
785 1919 864 1984 enim
888 1919 1055 2001 profitetur.
1076 1919 1136 1983 Sed
1156 1918 1229 1983 nihil
1249 1920 1357 1983 minus.
1376 1919 1467 1998 Quod
1486 1918 1565 1983 enim
1584 1918 1676 1982 huius

350 2020 515 2105 promiscui
539 2039 614 2085 usus
636 2021 809 2106 exemplum
833 2021 969 2106 prolerre
984 2023 1009 2085 is
1021 2029 1130 2106 potest,
1143 2042 1210 2087 curn
1228 2021 1359 2086 totishis
1371 2022 1459 2086 annis
1475 2021 1679 2106 quadraginta

352 2121 472 2188 unicum
496 2120 607 2187 haheat
629 2142 688 2187 non
712 2122 882 2208 geminatae
906 2125 1102 2188 consonantis
1127 2129 1336 2197 anacetus
1359 2143 1385 2188 a.
1410 2127 1482 2203 599,
1504 2132 1535 2187 et
1551 2125 1676 2188 unicum

351 2226 521 2308 geminatae
546 2231 741 2298 ΜνΜΜΙνς
763 2245 791 2291 ιι.
814 2232 885 2302 699,
908 2227 956 2291 cui
980 2227 1093 2292 addere
1116 2227 1249 2311 oportuit
1272 2226 1380 2292 Nattae
1403 2245 1557 2292 nummum
1581 2227 1678 2309 gemi-

351 2329 467 2394 nantis:
495 2334 621 2402 ΝΑΤᾸ.
646 2326 711 2390 Nisi
734 2328 810 2393 [orte
833 2329 859 2392 is
882 2329 986 2394 retulit
1008 2329 1045 2394 ad
1069 2328 1148 2392 hanc
1169 2334 1300 2394 aetatem
1323 2329 1355 2395 P.
1372 2327 1504 2393 Cornelii
1521 2327 1677 2411 Scipionis

351 2429 481 2508 titulum,
504 2436 535 2496 et
556 2429 589 2495 L.
612 2428 757 2510 Cornelii,
781 2429 832 2517 qui
856 2439 993 2496 mortuus
1015 2438 1062 2495 ost
1078 2438 1177 2496 aelate
1196 2432 1328 2497 nondum
1348 2433 1386 2496 ad
1402 2429 1532 2496 honores
1548 2438 1677 2507 mature,

352 2540 382 2597 et
404 2531 511 2598 incerti
533 2532 615 2598 illius
638 2552 675 2598 ex
697 2535 848 2616 hsiegene
871 2533 1003 2598 oriundi.
1029 2535 1115 2598 hisi
1140 2533 1170 2598 id
1193 2541 1240 2598 est
1252 2569 1272 2612 ,ι
1283 2540 1317 2598 ut
1337 2535 1465 2618 opinor,
1488 2530 1677 2598 contrarium

351 2634 435 2700 ellari
459 2654 536 2722 opus
559 2641 624 2714 est;
649 2636 747 2700 minus
771 2654 879 2721 nempe
901 2655 971 2700 esse
993 2636 1187 2720 geminatum.
1211 2637 1291 2701 Sunt
1311 2636 1393 2702 enim
1417 2637 1447 2701 in
1475 2654 1512 2701 eo
1541 2633 1678 2702 carmine

351 2746 496 2825 quattuor
517 2757 576 2804 nou
600 2740 769 2822 geminatae
792 2740 987 2804 consonantis
1011 2739 1150 2823 exempla
1173 2744 1363 2817 eostueT,
1385 2744 1580 2815 nestsear.
1608 2743 1675 2810 sv-

356 2847 539 2918 PERASES,
565 2846 754 2919 ttcunsen,
777 2841 836 2907 duo
859 2841 1040 2925 geminatae,
1066 2848 1227 2917 ESSENT,
1249 2847 1391 2914 ΤΕΙιΙὶΑ.
1415 2840 1535 2921 Quibus
1550 2840 1677 2906 accedet

353 2963 391 3008 ex
414 2946 514 3010 citatis
542 2942 718 3029 Scipionum
746 2942 840 3011 titulis
873 2950 1282 3020 eosnuemnnoau:
1316 2943 1448 3009 addendi
1473 2945 1563 3010 etiam
1587 2949 1678 3007 erunt

352 3067 388 3112 en
403 3047 533 3113 nummis
550 3052 662 3122 suta,
680 3051 832 3126 Sanan,
849 3053 979 3124 (ΟΤΑ,
996 3053 1103 3124 neat,
1121 3052 1233 3123 REM,
1252 3053 1412 3124 tttttvs,
1432 3052 1677 3118 MARCELLVS.

353 3147 400 3212 Fit
420 3151 512 3232 igitur
535 3168 651 3215 summa
673 3150 831 3214 duodecim
855 3150 1086 3214 consonantium
1110 3169 1168 3213 non
1193 3151 1430 3233 geminatarum,
1453 3147 1678 3231 geminalerom

354 3271 426 3316 vero
448 3271 511 3316 sen.
543 3250 648 3329 Quare
672 3252 841 3318 inconsulto
865 3254 994 3337 positum
1027 3272 1046 3316 a
1076 3251 1244 3317 llitscbelio
1272 3260 1356 3337 patet
1382 3251 1441 3317 hac
1471 3259 1572 3317 aetate
1602 3271 1678 3336 pro·

353 3354 469 3422 misene
491 3352 687 3436 geminatum¹
720 3355 880 3419 Caeterum
904 3357 1109 3440 promiscuum
1133 3376 1219 3420 usum
1242 3373 1295 3419 seu
1318 3355 1554 3420 inconstantiam
1576 3353 1680 3431 illam,

354 3477 444 3544 quam
467 3477 615 3523 summam
639 3466 736 3533 uocat,
760 3459 944 3543 perduxerat
965 3457 1037 3522 olim
1059 3459 1139 3523 idem
1164 3457 1350 3523 llitschelius
1373 3459 1410 3523 ad
1434 3477 1462 3522 a.
1484 3462 1545 3522 hio
1570 3459 1615 3541 (in
1635 3456 1679 3521 tit.

355 3579 477 3626 munim.
502 3581 533 3645 p.
556 3559 604 3633 lll,
631 3560 691 3643 Vl:
717 3559 829 3624 deinde
851 3561 996 3627 secundis
1018 3560 1101 3626 curis
1124 3568 1217 3625 toturo
1241 3560 1300 3625 hoc
1322 3559 1454 3645 spatium
1478 3561 1593 3633 divisit,
1616 3567 1680 3623 sta-

355 3664 482 3747 tuitque,
507 3661 635 3740 uldini,
658 3663 696 3727 ab
720 3683 746 3728 a.
762 3667 822 3728 lito
846 3665 884 3728 ad
901 3685 927 3728 a.
944 3669 1004 3728 olo
1028 3663 1152 3749 saepius
1175 3665 1360 3748 geminatum
1384 3683 1476 3749 quam
1500 3682 1561 3726 non
1584 3663 1681 3743 gemi-

356 3773 469 3831 natum.
490 3766 590 3845 Quem
613 3766 779 3830 secundum
802 3785 950 3830 canonem
973 3786 1040 3830 curn
1065 3768 1101 3830 ad
1126 3785 1253 3832 examen
1275 3784 1472 3843 revocarem,
1496 3785 1555 3830 non
1579 3764 1681 3828 minus

354 3875 437 3934 certe
468 3869 594 3934 miratus
627 3888 693 3933 sum
728 3877 838 3934 tantam
869 3868 1001 3934 hominis
1033 3869 1246 3934 confidentiam
1271 3870 1300 3932 in
1322 3867 1520 3948 affirmand03
1547 3886 1681 3952 namque

355 3971 543 4056 experientia
565 3972 643 4036 iacta
666 3969 898 4056 rationibusque
922 3973 1098 4046 subductis,
1121 3979 1248 4057 apparet
1271 3970 1327 4036 hac
1350 3979 1451 4036 aetate
1474 3990 1561 4036 usum
1585 3969 1681 4034 luisse.

358 4077 570 4162 promiscuum.
601 4074 795 4138 lineamento
824 4094 895 4138 vero
928 4093 1006 4158 quae
1040 4076 1190 4158 pertinent
1222 4073 1260 4137 ad
1284 4093 1310 4139 a.
1332 4078 1477 4138 oso-otu
1500 4073 1577 4138 baec
1600 4080 1682 4138 sunt.

403 4251 440 4322 (l)
457 4251 594 4304 llilseirelii
620 4252 765 4304 doctrinam
791 4252 839 4304 hoc
865 4257 1032 4304 monumento
1054 4252 1233 4305 confirmatam
1259 4251 1324 4304 lalso
1348 4253 1529 4314 affirmarunt,
1546 4258 1594 4305 aut
1615 4258 1688 4304 certe

354 4335 540 4406 incogitantem,
559 4341 694 4390 llsnzenus
712 4343 739 4390 ct
757 4339 895 4403 nanterus,
915 4337 947 4388 de
960 4355 1012 4406 quo
1026 4339 1149 4390 lectorem
1162 4338 1234 4391 volui
1249 4339 1388 4402 monitum,
1401 4353 1434 4388 ne
1445 4355 1525 4408 quem
1538 4338 1687 4407 decipiant.

403 4421 442 4492 (l)
459 4423 540 4475 hliror
558 4424 759 4476 hlommsoniunr
779 4424 887 4475 haerere
906 4423 931 4474 in
947 4440 1054 4475 nummo
1066 4425 1161 4476 Nattae
1173 4430 1234 4476 ante
1248 4423 1380 4476 saeculum
1396 4423 1538 4494 septimum
1552 4439 1688 4493 percusso¹

353 4507 477 4578 qnodque
499 4525 529 4561 ea
553 4508 586 4560 dc
608 4525 685 4562 causa
711 4525 762 4561 non
788 4507 841 4561 aliu
868 4508 965 4576 alleget
987 4507 1123 4576 exempla,
1142 4526 1220 4578 quarn
1240 4525 1272 4560 ex
1290 4510 1446 4578 Scipionum
1464 4515 1491 4560 et
1510 4525 1543 4560 ex
1562 4511 1686 4562 Mummii

354 4593 461 4650 Achaici
479 4593 577 4648 sacculi
595 4595 698 4664 septimi
718 4593 815 4646 titulis.
