3650 5342
334 242 350 298 l

407 373 427 437 Ι.
444 365 553 432 Forma
567 364 649 432 iotae
665 376 749 436 recta
763 369 819 434 luit
833 376 869 435 ut
881 369 1124 437 Chalcidensium
1139 372 1183 438 ita
1195 372 1371 439 Latinorum
1385 374 1520 459 propria.
1533 371 1647 438 Achaei

319 474 423 532 contra
445 475 476 533 et
497 468 591 554 prisci
615 470 762 536 Corinthii
784 470 849 537 iota
870 480 996 538 utuntur
1017 475 1160 560 angulato
1183 482 1223 548 Η,
1245 479 1286 556 fl,
1309 475 1357 541 vel
1372 476 1498 541 sinuoso
1521 490 1541 557 2
1564 475 1649 562 qnod

319 572 359 636 ad
380 569 574 656 phoenicium
598 575 779 640 elementum
801 595 896 662 prope
919 578 1050 656 accedit,
1074 597 1130 643 neo
1152 579 1209 643 nisi
1228 580 1327 646 serius
1348 577 1413 644 iota
1428 586 1545 645 rectum
1560 577 1649 642 adhi-

322 673 467 754 buerunt,
489 682 523 741 ut
543 683 627 762 patet
649 699 686 742 ex
710 677 838 743 nummis
861 678 1109 746 Cauloniatarnm
1131 683 1161 746 in
1185 681 1288 758 ltalia,
1311 684 1363 768 qui
1387 683 1452 747 cusi
1475 687 1548 748 sunt
1569 681 1651 766 typis

321 777 350 841 in
374 777 476 844 antica
497 787 528 844 et
550 782 667 865 postica
683 783 884 859 exstantibus,
903 781 935 846 in
954 783 1066 868 quibus
1087 785 1261 868 angulatum
1284 787 1413 870 pingunt
1432 792 1503 850 ante
1518 785 1652 849 ionicam

321 879 521 948 litteraturam
558 891 709 970 receptam
745 890 1091 967 ΚΑιΙᾺΟΝΗΑΤΑΜ,
1127 894 1233 974 postea
1268 896 1351 953 recto
1387 895 1513 954 utuntur
1550 893 1652 958 ΚΑν·

323 991 571 1060 ΛΩΝΙΑΤΑξε
591 993 749 1074 utramque
774 989 1049 1058 lormammisceut
1070 992 1284 1057 Posidoniatae
1305 990 1336 1056 in
1359 1012 1482 1057 nummo
1504 995 1652 1076 argenteo

322 1087 437 1152 lercnte
461 1108 569 1153 nomen
594 1088 726 1155 lluminis
749 1091 851 1164 Silari,
874 1093 904 1156 io
928 1095 1014 1157 cuius
1037 1093 1138 1159 antica
1158 1093 1287 1176 legimus
1309 1099 1467 1169 littori,
1483 1094 1514 1157 in
1532 1091 1654 1176 postica

322 1208 394 1253 vero
419 1197 572 1266 ratiost,
598 1198 737 1265 lllllill·

409 1297 440 1364 Κ.
464 1295 567 1360 Prisca
588 1300 686 1370 aetas,
710 1300 744 1360 ut
765 1296 907 1380 probaui,
931 1317 950 1362 a
972 1297 1157 1362 Graecorum
1179 1298 1281 1384 trappa
1301 1297 1465 1377 abstinuit,
1486 1300 1592 1383 itaque
1614 1314 1654 1360 ea

322 1402 425 1462 carent
447 1395 575 1476 Falisci,
598 1405 628 1461 et
650 1398 739 1463 modo
763 1405 799 1474 c,
820 1399 909 1463 modo
925 1409 959 1487 Q
973 1401 1038 1465 eius
1053 1400 1121 1467 loco
1137 1403 1301 1485 usurpavit.
1317 1402 1482 1483 singulare
1496 1408 1543 1466 est
1563 1405 1650 1472 ttetu

322 1506 355 1564 ut
377 1498 437 1564 dixi
460 1519 569 1585 supra,
592 1521 648 1565 uec
670 1502 747 1568 lorle
770 1520 788 1565 a
810 1502 904 1567 latino
927 1501 1066 1577 homine,
1089 1523 1146 1568 nec
1166 1504 1288 1587 nomipe
1312 1504 1491 1588 proiectum.
1520 1503 1599 1568 Nam
1621 1503 1652 1566 in

321 1603 453 1667 carmine
476 1601 584 1668 Saliari
608 1605 689 1688 apud
713 1602 878 1669 Varronem
902 1603 961 1688 (de
982 1603 1051 1670 lah.
1074 1604 1149 1681 vll,
1172 1607 1235 1689 ab)
1268 1613 1438 1680 nvotttvs
1461 1611 1583 1679 (ειινς
1609 1609 1653 1676 ξς

322 1723 381 1769 nou
407 1709 527 1777 ttettvs
549 1705 678 1787 legimus
697 1705 752 1790 (t).
1594 1767 1603 1777 ,

368 1805 441 1871 Earn
453 1807 587 1892 denique
604 1808 732 1874 litterani
749 1806 846 1874 Latini
863 1808 1018 1894 recepisse
1030 1811 1171 1875 uidentur
1184 1831 1252 1876 cum
1269 1830 1343 1876 usus
1359 1810 1487 1877 invaluit
1497 1810 1655 1875 nominum

322 1910 540 1993 signandorunr
562 1931 617 1996 per
638 1911 745 1994 siglas,
765 1919 796 1978 et
817 1912 874 1976 hoc
897 1914 1027 1998 oportuit
1048 1914 1198 1979 elemento
1221 1915 1356 1978 brumes
1371 1914 1422 1998 qui
1440 1914 1659 1999 praenomina-

324 2014 435 2079 baotur
456 2013 580 2078 a'Caiis
604 2014 808 2097 distinguere,
832 2014 916 2098 quod
939 2033 995 2078 uec
1017 2015 1129 2080 vellent
1149 2025 1306 2101 assumpta
1334 2018 1431 2081 altera
1456 2018 1560 2082 littera
1588 2014 1656 2080 sine

324 2115 421 2182 rocali
443 2116 527 2180 utin
550 2114 596 2178 Ti.
620 2137 674 2200 pro
697 2116 843 2189 Tiberio,
874 2118 940 2182 sine
968 2118 1142 2183 semivocali
1164 2127 1198 2182 ut
1217 2119 1249 2182 in
1271 2119 1326 2182 Cu.
1348 2139 1404 2200 pro
1427 2119 1542 2184 Gnaeo.
1575 2117 1654 2183 Sero

324 2218 484 2283 invaluisse
507 2217 627 2281 videtur
648 2219 786 2283 doctrina
801 2237 880 2302 quae
895 2217 1015 2284 iuberet
1035 2219 1168 2283 scribere
1186 2221 1285 2306 potius
1308 2221 1408 2306 lrappa
1428 2239 1522 2305 quam
1540 2225 1563 2290 C
1581 2225 1653 2284 ante

323 2321 460 2385 vocalem
482 2341 516 2394 n,
540 2321 626 2385 cuius
650 2327 748 2384 tamen
771 2340 870 2407 pauca
890 2321 1029 2406 exempla
1049 2321 1234 2397 invenimus,
1255 2340 1355 2406 eaque
1376 2323 1490 2388 saeculi
1513 2322 1653 2406 septimi,

323 2423 428 2510 qualia
448 2429 519 2488 sunt
538 2429 645 2494 lllllll(
663 2423 693 2488 in
714 2422 798 2488 tilulo
817 2421 970 2510 Scipionis
987 2423 1121 2508 hispani,
1142 2431 1165 2495 1(
1181 2444 1236 2509 pro
1254 2425 1379 2491 lrardine
1394 2426 1425 2490 in
1441 2427 1533 2511 cippo
1551 2423 1654 2490 Grac·

325 2526 437 2604 chaun,
458 2529 685 2604 κΑςΤοΙινς,
704 2531 873 2598 κΑΠνΑΕ
891 2527 921 2588 in
939 2525 1040 2612 lapide
1057 2525 1228 2611 puteolano,
1244 2526 1344 2591 merliu
1361 2527 1423 2591 lere
1438 2527 1497 2592 boc
1514 2527 1653 2605 saeculo,

326 2650 388 2714 qua
410 2634 509 2694 tamen
532 2635 630 2692 aetate
658 2634 830 2693 constanter
856 2627 1017 2694 adhibetur
1044 2628 1144 2713 lappa
1165 2627 1198 2692 in
1224 2636 1320 2701 ΚΑΙ..
1343 2629 1449 2715 ltaque
1470 2631 1499 2694 io
1522 2629 1656 2695 nummis

323 2730 503 2797 familiarum
526 2731 652 2814 legimus
675 2738 743 2796 ante
765 2753 791 2794 a.
811 2750 840 2796 u.
856 2750 883 2794 c.
902 2736 981 2810 880,
1006 2737 1157 2803 tuterit
1181 2732 1213 2796 iu
1234 2733 1364 2798 vasculis
1386 2733 1657 2810 sancaesarianis,

329 2842 376 2906 ι·
396 2839 521 2908 κΑιιι,
546 2839 626 2904 unu
644 2861 676 2908 ·‚
705 2813 929 2905 tulerunt.

370 2935 534 3002 Promiscui
550 2938 641 3000 moris
657 2936 826 3021 exemplum
842 2935 989 3001 habemns
1001 2935 1032 3000 in
1044 2935 1175 3000 nummis
1190 2935 1411 3002 Canusioornm
1426 2955 1553 3002 romano
1572 2945 1657 3023 typo.

325 3039 356 3104 iu
381 3037 494 3124 quibus
516 3038 605 3102 modo
631 3044 699 3112 ΚΛ,
723 3039 810 3102 modo
834 3044 886 3110 (Λ
911 3040 1056 3123 scriptum
1077 3039 1258 3123 reperimus.

412 3147 450 3217 bf
463 3151 499 3212 b.
528 3139 611 3205 llaec
632 3145 678 3204 est
700 3138 906 3204 uetustissima
928 3141 1026 3205 lorma
1046 3147 1077 3203 ul
1099 3159 1120 3202 a
1140 3138 1408 3214 Chalcidensibus,
1429 3142 1473 3205 ita
1493 3162 1514 3205 a
1536 3141 1658 3208 Latinis

327 3251 486 3327 usurpata,
502 3261 570 3306 cum
585 3240 774 3306 Achaeorum
790 3243 915 3327 propria
928 3250 959 3304 et
971 3241 1076 3305 lenum
1089 3249 1170 3305 esset
1184 3239 1304 3306 inversa
1319 3249 1357 3311 lt.
1373 3243 1494 3326 argivis
1506 3243 1622 3329 placuit
1635 3250 1658 3315 t,

326 3347 476 3412 eminente
497 3345 598 3429 apice,
617 3363 696 3428 quae
720 3345 814 3410 lorma
835 3344 927 3408 etiam
949 3363 968 3406 a
988 3341 1103 3407 Latinis
1126 3350 1156 3408 et
1177 3343 1304 3410 Faliscis
1322 3347 1400 3410 adeo
1418 3353 1543 3433 recepta
1560 3354 1660 3412 estut

327 3451 422 3514 lorma
443 3445 565 3513 cursivo
583 3455 600 3516 Ιι
625 3446 694 3510 inde
717 3447 877 3524 emanarit;
901 3444 1034 3532 itemque
1060 3448 1283 3532 [quadratum
1303 3468 1364 3531 qno
1386 3456 1514 3514 utuntur
1535 3449 1660 3536 Neapo-

324 3551 409 3618 litani
427 3551 455 3614 in
473 3569 593 3613 nunruro
610 3569 628 3612 a
644 3567 690 3612 nte
708 3549 788 3612 edito
808 3548 897 3630 {llull
911 3549 993 3614 arch.
1012 3569 1100 3632 neap.
1113 3568 1163 3613 au.
1179 3550 1202 3625 l,
1215 3550 1276 3613 tab.
1289 3550 1356 3634 lv),
1372 3557 1658 3627 νεοηουτξς,

326 3661 356 3717 et
378 3651 540 3718 blalieuses
566 3656 730 3724 mattea.
750 3651 787 3714 de
810 3671 871 3736 quo
894 3658 1001 3736 postea
1022 3651 1130 3715 dicam.

412 3762 466 3826 ΛΛ.
490 3752 555 3818 llac
571 3754 658 3819 unice
675 3755 769 3817 lorma
784 3755 830 3817 uel
846 3753 903 3818 bac
922 3763 950 3824 Μ
969 3752 1158 3817 brevioribus
1173 3751 1280 3816 mediis
1295 3752 1397 3831 lincis,
1409 3762 1573 3841 utramque
1585 3778 1660 3822 vero

324 3857 466 3924 cruribus
481 3854 667 3931 divaricatis,
685 3855 780 3920 Latini
797 3854 935 3919 scribunt
950 3861 985 3919 ut
999 3853 1138 3918 Cumani.
1154 3853 1293 3918 Formam
1308 3852 1400 3921 huius
1415 3857 1561 3924 elementi
1577 3879 1662 3944 quae

327 3967 444 4026 constat
465 3957 601 4044 quinque
624 3955 713 4022 lineis
734 3968 785 4032 m,
809 3977 961 4042 quamque
983 3955 1072 4020 etiam
1095 3955 1188 4020 hahet
1207 3976 1261 4021 ras
1283 3976 1411 4022 aeneum
1428 3979 1604 4038 cumanum,
1622 3982 1663 4027 ea

327 4065 365 4128 de
388 4081 483 4128 causa
505 4062 598 4126 batirri
623 4065 817 4144 receperunt,
840 4045 873 4123 ul
894 4059 1001 4139 siglam
1024 4056 1225 4143 exprimerent
1246 4059 1466 4144 praenominis,
1487 4063 1660 4146 mlauiuml

327 4166 385 4232 hac
409 4167 526 4230 ratione
548 4183 570 4228 a
593 4163 718 4247 bllarco)
743 4160 974 4242 distinguentes,
996 4167 1030 4224 ut
1053 4159 1232 4242 Klaisooeml
1252 4180 1270 4224 a
1287 4163 1394 4244 Caio).
1417 4163 1522 4230 Habes
1537 4167 1662 4232 titulum

326 4270 550 4355 praenestinum
574 4269 632 4346 m·
649 4269 802 4337 fnuttct
819 4297 827 4313 ·
842 4267 885 4332 l(-
901 4269 940 4334 F·
959 4263 1011 4347 qui
1032 4259 1191 4345 utriusque
1212 4263 1309 4346 siglae
1332 4265 1503 4352 exeurplum
1520 4270 1661 4353 praebet.

376 4513 411 4583 (t)
431 4509 519 4564 lectio
537 4511 661 4577 corrupta
680 4503 782 4557 incod.
799 4503 937 4556 dometium
961 4499 1260 4567 ovourrsceut'sus,
1286 4519 1366 4572 qnam
1389 4507 1503 4560 tentarit
1523 4509 1661 4565 btullerus

333 4599 430 4654 mm
441 4597 554 4654 (lamis.
573 4593 655 4646 Codd.
668 4589 747 4644 Goth.
758 4589 889 4643 banaian.
903 4589 955 4641 duo
965 4585 1049 4642 Paris.
1059 4593 1086 4638 et
1097 4586 1284 4641 Ambrosianus
1294 4589 1424 4660 praebent
1436 4592 1537 4650 ulmus
1547 4612 1660 4652 cmm.
