3650 5342
1414 325 1444 381 'li

221 453 253 534 b)
281 457 342 524 fta
364 453 394 514 iu
418 451 545 533 postica.

303 551 401 637 Caput
423 551 569 616 muliebre
593 569 680 614 conia
703 550 740 613 ad
764 548 916 615 ceruicem
939 548 1070 613 collecta
1092 554 1124 612 et
1145 554 1217 612 nota
1238 547 1423 632 quadrantis.

305 655 404 740 Caput
426 655 512 719 bouis
535 653 707 718 obversum.

265 757 356 821 Firmi
374 758 456 842 apud
478 755 648 822 diorouium
669 755 782 840 pendet
801 756 909 819 uncias
930 763 990 820 tres
1009 763 1040 818 et
1058 761 1181 820 ccmvas
1200 758 1219 818 5
1237 753 1345 830 semis,
1365 753 1463 818 librae

179 861 342 936 firmanae,
365 879 446 945 quae
468 861 624 945 antiquam
643 877 796 924 romanam
816 858 880 923 lere
898 865 1026 944 aequat:
1050 859 1230 923 relerendus
1249 863 1296 920 est
1315 857 1409 940 igitur
1427 857 1466 922 ed

179 983 280 1028 assem
303 983 372 1029 unc.
397 968 445 1028 42.

222 1067 254 1150 c)
280 1072 339 1139 illi
365 1067 394 1131 iu
418 1067 546 1151 postica.

310 1168 457 1254 Bipeuuis
480 1189 549 1234 cum
572 1167 730 1233 manubrio
754 1175 784 1232 et
806 1174 878 1234 uota
900 1167 1060 1234 sextantis.

309 1273 434 1338 Ferrum
458 1273 590 1338 lanceae.

264 1373 357 1439 Firmi
382 1374 461 1459 apud
485 1375 530 1438 De
545 1373 664 1438 Minicis
687 1373 801 1459 pendet
819 1394 889 1440 unc.
909 1379 921 1437 t
942 1380 1000 1441 oct.
1018 1379 1037 1437 6
1057 1374 1165 1451 semis,
1181 1371 1293 1456 lilqrae:
1314 1379 1361 1437 est
1377 1369 1470 1456 igitur

184 1477 361 1544 referendus
385 1477 545 1543 adessem
570 1479 727 1542 unciarum
754 1481 801 1542 lt.

261 1581 323 1646 -llls
353 1583 432 1667 typis
462 1580 547 1645 lusus
569 1587 616 1644 est
637 1581 727 1645 etiam
750 1580 927 1664 quadrans,
951 1578 1050 1645 tribus
1072 1577 1189 1646 scilicet
1210 1577 1376 1645 instructus
1399 1579 1468 1663 glo-

185 1685 262 1750 bulis
281 1727 346 1762 ...,
367 1685 417 1768 qui
438 1692 485 1749 est
504 1685 533 1748 iu
552 1681 751 1748 Kircherianc
772 1684 946 1768 pendetque
964 1703 1009 1766 gr.
1030 1688 1079 1747 ru.
1104 1684 1171 1749 Dixi
1190 1703 1286 1769 supra
1302 1691 1471 1768 certantem

184 1808 338 1854 romanum
358 1807 426 1852 cum
446 1778 545 1872 capite
565 1787 709 1852 Mercurii
729 1792 758 1849 ct
777 1806 868 1870 prora
887 1787 971 1852 naris
991 1785 1086 1853 luisse
1105 1807 1212 1852 cusum
1230 1788 1260 1853 in
1279 1786 1390 1873 Apulia
1404 1807 1471 1852 curn

176 1897 254 1956 'nuta
273 1889 459 1975 quadrantis.
480 1891 513 1953 ln
530 1891 611 1954 serie
630 1891 697 1954 lusa
715 1909 918 1967 nummorum,
938 1909 1065 1975 querum
1084 1891 1114 1953 in
1134 1909 1201 1955 asse
1217 1892 1302 1975 picta
1316 1898 1364 1956 est
1377 1888 1472 1955 semel

183 1993 334 2068 litteras,
354 2000 479 2058 sextans
498 1993 640 2077 utrinque
657 1991 750 2058 habet
769 1999 862 2077 caput
882 1993 1038 2058 Dioscuri:
1058 1992 1137 2058 idem
1157 2013 1297 2059 nummus
1312 2012 1367 2079 pru
1383 1993 1473 2058 uncia

183 2096 270 2161 lusus
299 2104 366 2173 est,
397 2118 458 2161 uuo
481 2095 606 2180 globulo
630 2095 744 2160 addito.
768 2095 801 2159 lu
824 2095 922 2159 alteru
945 2096 1024 2161 serie
1048 2097 1136 2160 cuius
1159 2115 1194 2161 as
1216 2095 1310 2186 habet
1331 2097 1474 2182 utrinque

184 2205 277 2284 caput
306 2200 393 2281 galea
420 2198 551 2285 phrygia
575 2205 703 2270 lectum,
728 2203 756 2260 et
780 2216 859 2282 pone
882 2198 1015 2275 claram,
1039 2197 1193 2284 quadrans
1217 2217 1339 2264 menum
1362 2199 1472 2264 elatam
1590 2235 1597 2262 .

183 2308 407 2386 repraesentat:
430 2299 502 2365 item
526 2301 676 2385 reperitur
700 2299 745 2363 his
771 2302 850 2384 typis
870 2308 1002 2366 sextans.
1024 2301 1088 2365 Nec
1106 2308 1208 2366 tamen
1229 2309 1358 2386 utraque
1376 2303 1472 2366 series

187 2425 245 2470 sua
267 2411 349 2470 caret
372 2405 463 2469 urrcia
481 2402 528 2468 vel
548 2410 695 2468 sextante.
719 2401 803 2468 Haec
823 2405 926 2469 monui
944 2391 1046 2468 neres
1063 2412 1096 2469 ut
1110 2403 1275 2487 singularis
1291 2424 1475 2491 quemquam

188 2516 317 2573 moveat.
342 2505 512 2572 Notandum
536 2507 661 2591 iusuper
682 2513 728 2569 cst
752 2513 901 2570 monetam
925 2506 1080 2571 iirmauarn
1096 2507 1134 2570 ab
1150 2526 1219 2572 asse
1236 2527 1304 2572 unc.
1322 2512 1363 2571 ta
1378 2507 1475 2572 luisse

191 2609 370 2676 diminutam
394 2611 553 2675 adessem
577 2629 647 2675 unc.
671 2613 699 2672 8.

146 2719 199 2778 69.
226 2713 321 2796 (εδ.)
346 2713 379 2796 a)
404 2718 471 2785 νεὶ
493 2712 523 2776 in
548 2713 671 2796 postica.

319 2815 462 2882 conchae
485 2813 625 2880 bivaluae
647 2816 770 2880 strictae
794 2817 919 2880 interior
941 2817 1045 2881 Facies,

321 2917 413 2984 Clara
435 2925 465 2981 ct
488 2924 558 2983 uota
580 2916 708 2982 trientis.

277 3019 380 3086 Edidit
400 3021 505 3086 Riccio
527 3022 557 3084 iu
582 3018 707 3106 them.
733 3019 861 3096 teatina,
885 3019 997 3102 vigile,
1022 3024 1114 3098 terr,
1134 3025 1168 3084 at
1193 3038 1304 3095 marzo,
1327 3019 1478 3105 traditque
1512 3086 1515 3093 ,

192 3126 328 3211 pendere
350 3119 453 3190 uncias
477 3129 608 3209 quatuor
630 3126 732 3187 semis.

238 3227 269 3312 l)
294 3233 365 3301 νες
389 3229 419 3291 in
441 3227 569 3312 postica.

321 3328 527 3415 caputbovis
550 3329 711 3394 adversum
735 3337 765 3392 et
789 3336 858 3394 uota
881 3331 1037 3395 sextantis.

322 3433 406 3498 Luna
428 3433 548 3498 laicata.

280 3535 332 3600 list
356 3539 385 3600 in
410 3533 626 3612 dacheriano,
651 3535 824 3620 pendetque
848 3554 893 3618 gr.
912 3539 1013 3613 85,90
1037 3534 1213 3600 referendus
1236 3535 1274 3599 ad
1298 3555 1397 3600 assem
1422 3554 1479 3600 uu·

195 3639 311 3703 ciarum
334 3623 519 3724 quindecim.

239 3743 269 3824 c)
295 3743 365 3822 VH
389 3743 420 3806 iu
443 3741 570 3829 postica.

323 3844 470 3930 llipcunis
494 3865 564 3910 cum
587 3844 764 3921 manubrio,
788 3851 818 3908 et
841 3852 911 3910 uota
933 3842 1053 3909 unciae.

322 3945 465 4014 Conchae
488 3947 628 4013 bivalvae
652 3949 777 4012 striatae
799 3945 927 4012 interior
948 3947 1052 4013 iacies.

281 4049 333 4114 Est
344 4051 373 4116 in
387 4049 587 4116 llircheriano
600 4051 774 4137 pendetque
786 4070 829 4132 gr.
843 4050 1080 4128 ll,relereudus
1089 4048 1128 4114 ad
1140 4067 1239 4113 assem
1251 4049 1411 4114 unciarum
1421 4045 1485 4111 xl.

244 4152 276 4236 dl
300 4159 370 4226 νες
394 4155 424 4218 in
449 4152 574 4238 postica.

322 4253 453 4322 Calceus
477 4264 507 4321 et
529 4277 563 4334 c,
587 4255 773 4343 quandoque
798 4264 870 4322 ncta
891 4255 1067 4322 semunciae
1094 4263 1133 4333 ζ.

286 4359 318 4424 lu
342 4358 544 4425 llirchcriauc
574 4362 712 4444 pendeus
739 4381 785 4442 gr.
809 4363 908 4440 ⁹22⁰
938 4359 1117 4426 referendus
1139 4360 1300 4425 adessem
1328 4330 1485 4424 unciarum

202 4461 420 4528 Umfflss

161 4569 212 4630 70.
237 4565 368 4650 l=d‚8.)
392 4569 426 4648 a)
452 4571 565 4646 -ΓΔχΗ,
589 4573 608 4641 l
632 4567 662 4631 in
686 4570 785 4634 aulica
810 4573 911 4640 ΗΑΤ,
938 4572 958 4637 i
981 4567 1011 4632 iu
1035 4567 1160 4653 postica.

330 4669 426 4756 Caput
448 4668 544 4734 Sileni
562 4671 733 4737 redimitum
754 4669 851 4738 lerula
869 4670 1158 4736 hederacea'tribus
1174 4670 1339 4736 baccarum
1357 4671 1494 4737 racemis·

372 4773 523 4839 distincta.
