3650 5342
1372 315 1405 373 ts

181 443 211 526 l)
236 447 458 516 ΠΑΙςΤΑΝΟ
481 441 513 506 in
537 443 648 508 antica.

260 545 357 631 Caput
375 545 517 621 iuvenile,
537 544 616 610 buxo
635 552 664 610 et
682 548 815 612 undante
835 545 955 631 capillo,
971 544 1141 610 redimitum
1157 542 1283 627 palustri
1299 539 1419 606 lrutice.

260 645 399 714 llioscori
422 647 519 712 stellis
542 646 842 735 supereminentibus
865 647 1058 733 equitantes,
1087 645 1165 712 alter
1187 643 1287 730 capite
1307 643 1418 744 intecto

301 750 418 837 palmae
446 769 564 815 ramum
593 751 716 826 serens,
744 751 820 814 alter
842 750 995 835 pileatus,
1018 749 1127 813 dextra
1148 766 1293 834 prospere
1316 747 1419 826 eluta,

300 851 387 920 cuius
410 872 508 938 equus
530 851 664 918 cernitur
686 853 764 937 pelle
788 851 954 938 pantherae
977 853 1132 917 instratus.

219 955 285 1020 llidi
300 957 328 1020 in
346 975 451 1021 museo
466 955 713 1040 Santangeliano,
727 963 757 1020 et
772 963 881 1020 stanno
894 955 1040 1039 expressi.
1053 953 1114 1034 Qui
1126 952 1276 1018 hactenus
1287 952 1419 1040 scripse·
1533 1005 1538 1011 .

142 1067 204 1124 mot
225 1059 261 1124 de
283 1059 503 1124 Paestanorum
527 1061 655 1124 nummis
678 1059 814 1145 posticae
832 1056 925 1124 huius
946 1064 1051 1144 typum
1071 1058 1150 1121 male
1170 1076 1237 1121 cum
1257 1057 1352 1122 altero
1370 1077 1420 1122 su·

141 1161 235 1249 perias
257 1163 411 1250 descripto
434 1163 695 1248 permiscuerunt,
719 1169 811 1247 alque
834 1163 864 1226 iu
889 1182 982 1228 unum
1006 1160 1218 1227 confuderunt.

217 1267 361 1332 Nummos
383 1271 548 1351 argenteus
571 1265 707 1349 pendens
730 1284 774 1349 gr.
798 1266 839 1339 ,7,
862 1265 952 1342 nto.

178 1371 205 1453 c)
231 1373 450 1442 lllllSTllNo
474 1369 505 1433 in
529 1369 659 1455 postica,
685 1375 711 1440 p
737 1367 766 1432 in
791 1367 902 1433 antica.

259 1471 358 1559 Caput
379 1469 509 1558 Neptuni
532 1471 712 1536 laureatum.

256 1574 379 1640 lureois
402 1573 503 1639 nodus
523 1573 665 1660 delphino
686 1579 790 1644 uectus
810 1569 1000 1637 victoriolam
1018 1571 1076 1637 sibi
1095 1590 1238 1636 coronam
1258 1571 1418 1655 imponen-

300 1685 360 1742 tem
383 1696 475 1742 manu
498 1677 663 1741 sustinens.

217 1781 361 1847 Nummus
383 1799 491 1845 aereus
514 1781 544 1844 in
569 1778 781 1844 Kircheriano.
806 1779 873 1843 lluo
896 1779 954 1843 mei
977 1777 1068 1864 pend.
1093 1797 1136 1859 gr.
1158 1779 1258 1854 7,50;
1281 1781 1309 1849 6,
1321 1780 1372 1840 80.

176 1883 205 1964 dl
230 1888 441 1955 ΓΑΙςΤΑΝο
465 1882 495 1947 io
520 1881 651 1967 postica,
677 1887 696 1952 l·
720 1879 748 1944 in
773 1877 881 1945 antica.

258 1985 356 2070 Capul
378 1985 510 2070 Neptuni
533 1984 711 2050 laureatum.

191 2093 193 2096 ’
257 2087 379 2153 luvenis
401 2087 502 2152 alatus
526 2086 686 2172 nudusque
709 2085 852 2171 delphino
877 2093 983 2151 vectus
1001 2083 1127 2150 sinistra
1144 2084 1305 2151 tridentem
1323 2092 1418 2180 tenet,
1494 2099 1498 2118 ¹

298 2191 407 2256 dextro
428 2209 573 2255 coronam
597 2191 705 2254 elevat.

218 2291 363 2358 Nummus
386 2311 496 2357 aereus
519 2293 548 2356 in
573 2311 677 2357 moseo
700 2289 880 2356 Monacensi
902 2297 934 2355 et
954 2288 1158 2360 llircheriano
1181 2288 1338 2374 alibique:
1360 2289 1419 2355 mei

140 2395 263 2478 pendent
277 2417 321 2479 gr.
338 2399 367 2472 7,
380 2398 437 2474 70;
458 2399 487 2474 6,
497 2399 548 2459 60.
571 2395 605 2458 ln
623 2393 772 2459 similibus
794 2393 853 2479 legi
881 2398 1106 2470 ΡΛςΤΛΝο,
1131 2393 1177 2458 vel
1204 2397 1350 2465 stim:
1374 2400 1420 2457 te·

138 2503 228 2563 stator
248 2498 428 2563 Avellinios.

219 2603 402 2674 ssqtstano
426 2617 576 2675 nummus,
599 2597 720 2664 duobus
742 2595 996 2685 praecedentibus
1012 2621 1040 2677 o,
1058 2601 1090 2677 d,
1114 2596 1230 2676 similis,
1245 2617 1372 2663 recusus
1390 2598 1419 2663 in

140 2723 253 2768 nummo
270 2700 483 2788 Salapinorum
501 2702 680 2786 (nullm.
695 2721 801 2786 equus,
819 2706 870 2781 Ας
887 2701 1045 2789 delphin).
1061 2701 1116 2766 Est
1129 2703 1159 2766 in
1175 2721 1282 2766 museo
1298 2699 1418 2787 neapol.

179 2805 209 2888 e)
236 2809 353 2878 sttttsT
376 2805 407 2868 in
430 2805 556 2891 postica.

255 2908 356 2993 Caput
377 2905 468 2973 Nerei
490 2908 537 2972 vel
562 2905 697 2972 Tritonis
720 2906 944 2983 diadematum,
967 2913 997 2972 et
1019 2915 1090 2972 nota
1113 2908 1266 2973 sextantis.

256 3010 388 3096 Delphin
411 3016 442 3075 et
463 3019 536 3076 nota
558 3011 717 3076 sextantis.

217 3113 359 3180 Nummus
375 3123 487 3180 aereus
502 3114 540 3180 ad
558 3133 658 3180 assem
674 3113 786 3178 unciali
805 3113 949 3178 maiorem
965 3113 1154 3179 relerendus.
1178 3113 1324 3199 Exempla
1339 3113 1420 3198 opud

138 3235 181 3282 me
203 3217 262 3282 duo
284 3217 420 3303 pendent
441 3207 487 3300 ὲτ.
511 3221 609 3296 9,30;
632 3221 661 3294 6,
672 3221 720 3281 50.

173 3319 204 3402 [l
225 3319 389 3394 Semissis,
420 3319 535 3396 triens,
565 3320 740 3404 quadrans,
763 3325 906 3396 sextans,
930 3320 1110 3396 sescuncia,
1133 3319 1223 3384 uncia
1246 3339 1351 3384 omnes
1374 3319 1420 3384 in-

136 3422 236 3507 scripti
262 3425 368 3500 DAN,
394 3423 484 3488 etad
508 3441 608 3488 assem
631 3422 766 3508 pondere
782 3422 972 3488 semissalem
989 3429 1179 3509 spectantes:
1205 3422 1328 3487 additur
1345 3443 1421 3487 oon·

136 3545 283 3612 ounquam
302 3526 446 3610 sigillum.
470 3525 637 3592 Scscuneia
655 3526 685 3589 in
704 3527 806 3592 antica
823 3533 853 3591 et
872 3527 990 3611 postica
1008 3544 1106 3610 aeque
1125 3526 1264 3610 signatur
1285 3523 1343 3590 hoc
1366 3545 1419 3612 pa-

136 3634 179 3692 cto
203 3634 258 3702 ιξ,
280 3627 436 3714 habetque
459 3635 550 3714 caput
567 3628 716 3694 muliebre
740 3627 845 3713 spicea
863 3637 1059 3704 coronatum,
1078 3635 1108 3693 et
1125 3629 1157 3694 in
1176 3628 1295 3715 postica
1313 3647 1419 3693 canem

137 3742 317 3801 currentem.
340 3733 448 3800 Serius
472 3735 596 3799 trientes
620 3742 651 3799 et
672 3741 826 3800 sextantes
842 3734 977 3822 pondere
996 3735 1153 3801 deminuto
1179 3741 1290 3809 eam:
1313 3736 1420 3800 inscri-

135 3835 239 3904 buntur
260 3839 352 3904 etiam
374 3837 606 3920 Magistratuum
631 3837 753 3901 nomina
775 3856 844 3903 cum
866 3837 1034 3924 epigraphe
1060 3842 1164 3912 ΠΑΙς.

210 3940 431 4005 Mommsenius
454 3958 566 4026 operae
591 3939 720 4024 pretium
744 3959 803 4004 non
827 3958 896 4004 esse
919 3941 963 4005 ait
983 3948 1017 4004 ot
1038 3939 1273 4024 Nagislratoum
1299 3941 1418 4006 nomina

136 4039 213 4104 saria
226 4041 380 4124 reciperet
397 4039 425 4102 in
440 4037 558 4127 Corpus
575 4043 804 4128 inscriptionum
820 4041 982 4109 latinarum
998 4044 1296 4128 antiquissimarum
1313 4064 1418 4130 quam·

135 4161 219 4226 mam
242 4143 355 4208 latetur
377 4142 493 4208 similes
517 4164 654 4210 nummos
677 4163 704 4210 a.
726 4165 755 4210 u.
774 4165 799 4210 c.
821 4151 883 4211 ooo
905 4146 1099 4213 antecedere.
1118 4146 1214 4212 Niror
1232 4154 1263 4212 ct
1280 4147 1417 4231 potuisse

134 4245 161 4307 id
189 4245 343 4322 scribere,
374 4264 441 4310 curo
471 4247 683 4333 inscriptiones
713 4267 854 4333 quaeque
883 4250 1116 4334 antiquissimae
1144 4253 1174 4316 in
1204 4249 1340 4335 Corpore
1367 4249 1417 4314 illo

137 4347 369 4413 Nommseniaoo
392 4355 426 4412 ut
447 4349 477 4413 in
501 4356 606 4416 nostra
628 4341 906 4436 sylloge'maxime
931 4372 969 4418 er
991 4353 1165 4419 nominihus
1188 4358 1329 4418 constent
1348 4372 1417 4436 pro-

136 4451 206 4533 priis
232 4459 264 4516 et
293 4451 417 4536 quidem
441 4470 533 4537 saepe
556 4451 733 4518 libertorum
757 4461 788 4518 et
810 4471 964 4521 servorum
978 4504 987 4537 ,
1017 4455 1117 4541 iisque
1141 4453 1319 4520 imminutis.
1354 4455 1416 4520 Nec
1533 4455 1536 4469 '

137 4559 230 4618 tamen
259 4555 375 4620 idcirco
403 4561 450 4619 est
476 4563 558 4620 recte
587 4556 699 4622 dictum
723 4555 826 4622 omnia
850 4559 910 4623 ista
931 4561 1054 4623 nomina
1075 4564 1205 4623 aetatem
1229 4558 1416 4645 praecedere

137 4654 278 4722 sullanam
303 4675 372 4722 cum
395 4658 424 4722 io
447 4655 485 4720 iis
509 4657 646 4741 legamus
669 4660 902 4744 quatuorrlros‚
926 4670 957 4725 et
978 4660 1232 4746 quinquennales.

1370 4798 1386 4847 b
