3650 5342
1407 288 1440 346 11

133 407 248 492 peianis,
263 407 356 472 buius
371 409 503 473 laminae
515 427 657 473 romanae
671 406 867 493 alphabetum
883 405 980 472 simile
994 427 1071 492 pene
1087 410 1301 495 geminumque
1315 411 1452 475 invenies

132 510 282 596 alphabeto
306 511 389 596 quod
416 512 446 576 in
473 511 723 597 inscriptionibus
751 512 837 574 annis
864 509 910 573 bis
935 512 1013 585 770,
1036 514 1113 588 771,
1135 514 1211 589 771,
1234 515 1296 577 rat
1319 515 1451 578 exaratis

132 613 209 676 1333
232 615 344 699 oppido
377 613 597 700 deprehendas.
626 613 700 678 Cum
729 614 821 695 igitur
844 613 985 678 13333113
1008 621 1128 690 essent,
1154 634 1282 700 cumque
1307 613 1452 680 hactenus

131 716 373 800 inscriptionibus
389 716 582 795 destituerer,
599 735 677 801 quae
694 715 783 780 fidem
799 717 897 782 lacere
915 725 1038 800 possent
1055 717 1093 780 de
1109 717 1297 783 litteraturae
1312 717 1453 783 censivae

130 827 191 884 ante
213 820 371 884 saeculum
396 826 576 903 augusteum
600 827 716 894 natura,
739 819 849 884 summi
872 820 977 902 procul
1000 819 1093 884 dubio
1115 821 1181 883 visa
1203 828 1273 884 sunt
1295 821 1367 885 mibi
1384 840 1453 886 csse

130 922 208 1005 pretii
232 921 404 1005 fragmenta
426 924 485 986 duo
512 924 682 1008 scripturae
712 922 852 988 cursivae
881 941 942 986 noc
964 920 1008 985 ita
1029 923 1148 1006 pridem
1175 924 1213 986 ad
1244 944 1292 986 me
1315 924 1414 990 allata
1435 944 1455 987 a

132 1023 170 1086 Fr.
182 1023 382 1090 Gamurrinio
400 1023 497 1089 musei
512 1022 625 1090 etrusci
643 1021 814 1088 Florentiae
829 1023 996 1108 praelecto}
1011 1021 1172 1109 Repetitis
1187 1026 1281 1108 igitur
1292 1025 1323 1090 in
1337 1025 1453 1093 aretino

129 1145 191 1208 agro
214 1127 277 1192 duo
300 1148 337 1192 er
361 1127 468 1211 argilla
488 1127 581 1192 rubra
604 1127 772 1211 Fragmenta
795 1130 978 1211 paterarum,
1004 1128 1033 1189 in
1051 1125 1163 1210 quibus
1179 1129 1292 1212 scripta
1306 1130 1455 1212 quaedam
1556 1197 1561 1207 Ι

131 1231 215 1294 rerba
230 1241 331 1306 erant,
347 1249 477 1315 quorum
492 1227 772 1316 interpretationem
788 1229 981 1293 ablnstituto
998 1227 1157 1294 borussico
1167 1230 1288 1314 *Romae
1304 1231 1453 1297 insidente

129 1333 231 1399 trustra
253 1333 417 1418 flagitarat.
441 1333 560 1418 llrripui
584 1333 702 1397 avidius
725 1332 857 1397 oblatam
880 1332 1042 1407 Fortunam,
1067 1332 1257 1400 inveniebam
1273 1335 1354 1400 enim
1370 1337 1451 1419 quod

128 1439 171 1503 diu
193 1438 419 1524 quaesiveram,
436 1437 603 1522 scripturae
626 1437 764 1500 corsicae
780 1435 886 1499 aetatis
902 1434 1017 1499 liberae
1033 1437 1219 1521 reipublicae
1242 1437 1280 1501 ad
1304 1445 1452 1523 quatuor·

127 1541 214 1605 decim
239 1539 358 1605 litteras
382 1541 411 1604 in
435 1539 520 1604 brari
541 1538 613 1603 11331
634 1537 808 1624 epigraphe.
832 1537 900 1602 Fuit
916 1545 1016 1602 tamen
1034 1539 1198 1604 dolendum
1222 1542 1353 1606 maxime
1369 1542 1451 1628 quod

126 1644 237 1708 litterae
260 1646 292 1720 b,
308 1647 337 1718 d,
357 1666 375 1727 3
399 1664 456 1708 333
480 1643 682 1718 occurrerint,
706 1660 782 1725 quas
807 1659 991 1726 magnopere
1010 1641 1232 1709 desiderabam.

165 1749 294 1812 litterae
317 1748 412 1831 igitur
435 1748 510 1812 istae
534 1764 613 1828 quae
637 1750 834 1808 numerantur
856 1750 928 1808 sunl
951 1745 1107 1809 eiusmodi.

339 1888 1238 2074 3(3μι(3μζμ31111“

343 2124 798 2192 c,eelr·ilm
873 2134 1236 2204 coprete

163 2261 269 2326 Forma
285 2283 304 2324 o
318 2269 386 2328 orta
401 2281 469 2328 esse
485 2261 602 2325 videtur
617 2279 653 2324 ex
671 2265 714 2338 n;
732 2256 867 2343 retiquae
884 2257 1452 2350 33113331333331331133333113331
1499 2259 1503 2267 '

128 2365 154 2426 in
169 2364 242 2430 libro
258 2364 312 2429 illo
330 2366 443 2446 Grcffiti
457 2366 491 2427 de
507 2365 634 2446 Pompei,
650 2359 703 2427 ubi
719 2359 903 2426 differentias
919 2361 1087 2428 litterarum
1103 2365 1350 2454 singularumque
1366 2364 1454 2433 natu-

127 2485 184 2531 ram
196 2467 298 2532 multis
311 2467 454 2534 indicavi.
473 2475 495 2538 1,
511 2466 561 2530 bic
574 2465 719 2547 angulata
732 2461 897 2544 effingitur:
911 2461 1060 2528 11333333]Ι
1070 2465 1194 2532 Formam
1207 2467 1303 2533 babes
1315 2469 1345 2534 in
1358 2467 1452 2537 titulis

127 2569 285 2644 nonnullis,
304 2570 335 2634 in
353 2570 483 2636 vasculis
499 2570 619 2635 duobus
635 2566 947 2631 sancaesariensibus.
965 2567 1082 2632 013133
1098 2569 1174 2642 13131,
1191 2570 1246 2634 sed
1261 2591 1352 2656 quam
1366 2574 1454 2638 133113

128 2671 303 2755 distinguas,
315 2693 387 2738 cum
398 2673 492 2739 semel
503 2672 666 2756 arripueris
679 2666 862 2751 singularem
876 2669 994 2734 litterae
1006 2691 1024 2734 o
1036 2670 1169 2756 liguram.
1184 2673 1279 2758 Leges
1292 2676 1384 2758 igitur
1394 2678 1452 2742 sic:

375 4278 401 4292 ..
421 4249 468 4294 em

350 4331 515 4412 1133111331

355 4435 520 4519 1133313313

349 4534 520 4625 Eplapraes
604 4541 633 4606 ls

351 4639 526 4728 OnJesumli
611 4643 633 4708 C
