3650 5342
350 291 401 350 328

335 418 425 479 4434.
449 445 488 463 ·-
511 410 651 476 Tessera.
675 406 875 484 llitsolrelius,
899 405 1006 492 Suppl.
1029 403 1078 480 lv,
1102 423 1130 467 n.

398 591 424 657 Α
444 593 472 657 Ν
491 590 519 656 Τ
540 590 546 656 Ι
565 590 597 657 0
614 587 637 654 Ε
653 589 711 655 VS

459 694 651 762 SCRlBONl
840 681 1003 753 Suhlcxui,
1027 681 1100 765 quia
1121 677 1262 743 consulcs
1285 695 1381 760 acque
1404 693 1440 738 uc
1462 671 1494 738 in
1517 673 1657 758 superio·

397 793 710 864 §meanto-taut
799 784 884 851 ribus
906 785 1095 849 omittuntur.

461 910 534 963 locus
551 923 650 962 uacuus

336 1154 425 1217 llll.
449 1187 491 1198 -
513 1145 653 1222 londini,
676 1153 793 1210 tessera
814 1143 845 1208 io
869 1159 974 1208 museo
996 1139 1175 1207 britannico.

452 1307 663 1394 rrrltlllll'lll
843 1313 1017 1398 Descripsit
1031 1310 1188 1394 ediditque
1204 1307 1387 1374 lluebnerus
1410 1305 1469 1392 (Cl.
1481 1307 1555 1370 Rev.
1569 1303 1659 1370 lrrclr.

396 1411 717 1498 SP·NON·0(T08
800 1418 823 1481 l.
847 1419 896 1482 cit.
919 1439 948 1503 p.
973 1416 1066 1499 litt),
1089 1415 1149 1479 duo
1172 1411 1329 1477 affirmans
1351 1428 1454 1474 securo
1477 1407 1656 1494 pugnantia:

503 1533 620 1598 4ΛΛ10
804 1528 951 1586 tesseram
973 1517 1090 1584 scilicet
1110 1516 1242 1602 aliquem
1257 1499 1294 1579 ex
1310 1521 1354 1580 tot
1366 1509 1529 1577 Postumiis
1545 1510 1659 1576 relnrrc

806 1624 859 1709 qui
881 1619 1002 1709 plurimi
1024 1621 1054 1686 in
1077 1618 1163 1685 lastis
1186 1619 1369 1683 reieruntur:
1401 1634 1458 1681 nec
1480 1622 1581 1680 tamen
1612 1612 1661 1676 lit-

333 1744 466 1801 terarum
496 1732 621 1797 lormam
650 1727 753 1794 sinere
785 1735 820 1793 ut
850 1733 922 1792 ante
956 1723 1114 1790 dimidium
1145 1719 1299 1788 saeculum
1330 1718 1490 1805 septimum
1514 1717 1660 1782 trudatur.

333 1838 418 1903 llaec
439 1855 506 1902 oum
529 1833 677 1900 scriberet
699 1850 758 1897 non
785 1826 994 1896 consideravit
1026 1835 1095 1913 post
1128 1824 1283 1890 dimidium
1316 1821 1472 1888 saeculum
1500 1821 1659 1905 septimum

335 1941 449 2007 nullum
479 1937 667 2002 Postumium
696 1933 726 1999 in
750 1935 836 1998 lastis
859 1952 945 2011 esse,
968 1932 1019 2016 qui
1041 1930 1156 2015 primus
1179 1927 1372 2013 processerit.
1396 1924 1533 2010 Namque
1554 1930 1584 1987 ct
1605 1920 1662 1986 lroc

334 2050 454 2129 oportet
475 2041 718 2107 animadvertere
739 2037 888 2123 reliquias
911 2035 1040 2102 nominis
1064 2039 1189 2104 νΛΛΙΟ
1212 2049 1249 2096 co
1272 2029 1339 2095 loco
1362 2027 1492 2114 scriptas
1520 2043 1588 2091 csse
1610 2021 1661 2089 ulti

333 2145 449 2213 nomini
469 2146 594 2210 alterius
617 2141 752 2208 consulis
774 2139 906 2226 spatium
937 2137 1050 2204 nullum

335 2247 530 2335 relinquitur.
552 2245 653 2312 lluius
676 2247 720 2309 rci
744 2262 838 2310 causa
866 2243 946 2312 dabo
969 2248 1058 2328 ecty-
1127 2246 1141 2294 .”
1196 2278 1270 2325 ,
1290 2238 1337 2341 s
1376 2232 1447 2341 {244
1477 2248 1628 2299 «ψ

338 2373 411 2438 pum
441 2349 706 2417 accuratissimum
736 2367 754 2412 a
780 2343 958 2411 Fortnumio
985 2343 1057 2408 milri
1120 2326 1474 2413 wa
1492 2369 1529 2386 „
1591 2326 1622 2343 ''

338 2458 473 2532 missum,
492 2453 544 2539 qui
567 2457 614 2516 est
635 2445 817 2515 huiusmodi.

379 2559 511 2623 Litterae
534 2554 713 2640 superstites
736 2551 826 2617 valde
847 2552 980 2614 incertae
1003 2555 1073 2614 sunt
1094 2551 1170 2611 teste
1193 2541 1367 2608 Fortnumio
1389 2545 1511 2625 praeter
1524 2547 1569 2611 Μ
1584 2555 1664 2622 quaa

338 2663 433 2747 possit
455 2659 547 2726 etiam
570 2656 669 2740 accipi
691 2674 747 2736 pro
773 2661 831 2725 ΝΙ.
854 2651 1004 2718 Consules
1033 2650 1085 2736 qui
1115 2649 1175 2714 sint
1203 2666 1262 2712 non
1294 2649 1427 2710 constat:
1457 2639 1515 2706 lroc
1545 2647 1662 2706 certum

337 2772 385 2828 est
407 2763 527 2828 duobus
549 2756 675 2843 integris
693 2754 867 2822 nominibus
882 2755 1051 2830 consulum,
1068 2771 1196 2837 quorum
1212 2751 1296 2835 prior
1313 2742 1484 2812 Postumius
1499 2743 1548 2823 sit,
1564 2743 1664 2808 locum

339 2887 399 2932 non
423 2883 508 2945 esse;
531 2864 561 2928 io
584 2880 667 2927 more
690 2880 762 2926 vero
785 2878 846 2925 non
868 2858 964 2924 luisse
986 2861 1106 2923 constat
1127 2861 1160 2919 ut
1182 2873 1219 2917 err
1241 2850 1361 2917 duobus
1383 2845 1542 2915 consulum
1566 2843 1662 2910 norni-

291 3002 294 3006 ‡
336 2969 427 3036 nibus
449 2968 579 3034 alterum
600 2964 692 3050 plene
713 2959 916 3040 scriberetur,
940 2960 1069 3026 alterum
1091 2956 1335 3022 imminueretur.

340 3225 430 3288 4433.
456 3221 561 3305 4ε804
575 3220 596 3304 l.
621 3255 659 3269 -
682 3219 800 3303 Romae
822 3218 860 3284 ad
885 3215 1005 3283 radices
1027 3213 1165 3282 Ianiculi.

404 3400 516 3468 votus
533 3429 540 3443 ·
558 3398 584 3464 Α
604 3429 611 3442 ·
630 3399 649 3464 Ρ
665 3399 788 3466 MAG
808 3428 814 3443 ·
865 3429 869 3437 ·
986 3390 1047 3470 Qui
1069 3389 1159 3456 modo
1176 3387 1341 3454 innotescit
1354 3405 1450 3472 pagus
1466 3383 1665 3452 lanicolcnsis

402 3503 525 3572 0·th
536 3502 834 3569 momorum!
942 3492 1000 3560 luit
1014 3495 1084 3560 olim
1097 3493 1219 3580 quidem
1236 3491 1391 3559 continens
1407 3490 1564 3556 moenibus
1579 3489 1666 3556 urbis
1708 3481 1714 3490 ’

407 3607 533 3673 lttttn
557 3635 564 3648 ·
590 3604 815 3672 (44.4ΝΑΛΛ
944 3599 1092 3664 sarrianis
1115 3599 1170 3663 sed
1191 3605 1278 3683 parte
1301 3597 1450 3662 exteriore
1472 3596 1510 3660 ad
1534 3601 1667 3680 septem·

401 3706 859 3776 annuerantsfiurrfitrs
947 3701 1083 3767 trionem.
1128 3702 1193 3770 llac
1237 3708 1336 3768 aetate
1379 3698 1586 3784 reipublicae,
1623 3699 1666 3762 oit

403 3809 784 3878 (tumulltorttnvtr
943 3803 1096 3881 Momms,
1118 3805 1192 3872 urbs
1215 3805 1246 3870 in
1264 3810 1380 3870 montes
1402 3809 1541 3888 etpagos
1563 3800 1667 3866 distin·

943 3906 1105 3991 guelrator,
1136 3908 1281 3994 civesque
1313 3908 1371 3992 ipsi
1405 3909 1433 3972 in
1457 3916 1613 3975 montaum
1636 3918 1667 3975 et

338 4031 488 4099 paganos.
516 4010 654 4093 Magistri
678 4009 811 4075 vicorum
835 4017 867 4075 ct
893 4027 1040 4093 pagorum
1064 4019 1151 4077 erant
1173 4013 1225 4096 qui
1248 4031 1333 4077 sacra
1356 4019 1386 4076 et
1408 4011 1496 4077 ludos
1519 4011 1667 4092 curabant

340 4113 429 4180 electi
451 4133 470 4177 a
492 4112 615 4178 vicinis:
639 4114 710 4179 urbs
742 4115 772 4176 in
801 4115 941 4194 regiones
971 4120 1002 4177 et
1031 4115 1111 4179 uicos
1134 4113 1171 4179 ab
1193 4114 1329 4198 Augusto
1351 4112 1481 4200 primurn
1503 4115 1599 4180 diuisa
1621 4121 1667 4180 est

341 4237 371 4281 a.
395 4237 424 4282 u.
446 4215 508 4280 'lli
531 4223 562 4280 ct
583 4217 746 4302 praepositi
772 4215 846 4281 vicis
865 4213 1010 4281 ordinarii
1028 4218 1178 4299 magistri,
1194 4216 1331 4282 ludorum
1348 4224 1379 4282 et
1393 4235 1548 4283 sacrorum
1563 4236 1665 4285 causo.

343 4318 455 4402 Pagaoi
478 4318 563 4383 luere
586 4324 672 4384 ortra
696 4319 811 4394 urbem,
834 4318 892 4382 lroc
915 4324 962 4382 est
984 4325 1069 4383 extra
1092 4319 1222 4396 moenia,
1238 4324 1270 4384 ut
1286 4339 1381 4404 nuper
1395 4319 1532 4386 constitit
1546 4322 1667 4386 invento

342 4428 429 4486 extra
450 4438 594 4504 aggerem
617 4423 787 4486 servianum
803 4438 882 4505 pago
899 4429 1041 4486 montano
1059 4420 1110 4505 (ll.
1128 4420 1323 4500 Lanciaoum,
1339 4421 1416 4489 Bull.
1434 4423 1557 4498 Music,
1574 4426 1666 4497 48744,

217 4514 221 4526 “
341 4544 373 4610 p.
396 4528 455 4588 499
479 4522 570 4609 seq).
598 4523 808 4589 Montanorum
832 4523 888 4590 luit
908 4523 982 4590 urbs
1006 4523 1143 4592 Palatino
1164 4523 1408 4612 Suburbpnoque
1431 4543 1499 4592 cum
1521 4523 1669 4611 Esquiliis

337 4623 563 4701 intramuranis,
587 4631 618 4689 et
639 4624 708 4690 huic
730 4626 851 4690 adiecta
873 4625 970 4690 alters
992 4625 1023 4690 in
1044 4623 1195 4705 Quirinali
1218 4626 1365 4694 collocotu
1388 4627 1575 4696 Colliuorom
1597 4645 1667 4695 cum
