3650 5342
397 271 429 326 82

553 389 668 453 Noctua
691 405 773 451 ramo
797 387 948 450 insistens.

510 491 542 556 ln
565 490 763 556 lliroheriano
788 489 898 573 pendet
921 509 964 568 gr.
989 493 1080 551 o-tu.

467 593 510 677 m)
535 595 573 671 lg
598 593 628 654 in
651 593 775 675 postica.

551 695 647 779 Caput
662 695 820 759 adversum
837 694 909 758 solis
925 693 1017 758 radiis
1034 695 1164 758 cinctum
1183 692 1312 777 clamide
1326 699 1395 756 anle
1407 701 1513 779 pectus
1528 693 1701 756 constricta.

552 799 633 862 Luna
655 815 794 861 crescens
817 797 894 860 intra
913 816 1001 880 quam
1026 803 1149 870 astrum,
1172 805 1242 860 nota
1264 796 1443 861 sescunciae
1466 801 1527 867 ος.
1577 856 1586 876 x

509 902 543 966 ln
567 920 669 964 museo
692 898 897 982 neapolitano,
920 901 1030 984 pendet
1048 919 1095 981 ,gc
1120 905 1149 974 6,
1162 904 1210 961 26.
1235 898 1390 964 Hactenus
1406 900 1518 966 omissa
1531 906 1579 962 est
1593 901 1702 964 unciae

424 1013 502 1070 nota.
529 1004 582 1067 Est
609 1002 683 1066 haee
706 1004 805 1086 itaque
829 1005 1006 1076 sescuncia,
1037 1021 1126 1086 qoam
1151 1001 1290 1066 Paestani
1308 1002 1356 1068 ¹sic
1379 1007 1607 1086 repraesentant
1632 1008 1700 1075 σε,

425 1106 645 1193 Hipponienses
663 1124 733 1170 vero
753 1104 874 1186 globulo
891 1111 921 1168 et
938 1105 1041 1168 lunula
1068 1109 1131 1176 ος,
1156 1103 1296 1168 Venusini
1316 1111 1471 1188 assumpto
1489 1109 1509 1176 5
1525 1101 1698 1176 latinorum.

425 1209 512 1295 primi
535 1209 668 1274 scribunt
691 1215 749 1283 os,
775 1227 880 1292 nempe
905 1208 993 1270 uncia
1015 1208 1121 1278 semis,
1145 1214 1177 1269 ut
1200 1206 1309 1270 deindo
1327 1207 1441 1272 Romae
1461 1207 1488 1270 in
1506 1214 1631 1290 argento
1646 1209 1696 1272 le-

426 1313 507 1398 gitur
531 1318 585 1384 lS.
610 1311 687 1376 idest
708 1310 785 1374 libra
808 1307 908 1374 semis.

337 1477 342 1487 ,
467 1416 503 1498 ιι)
528 1416 624 1494 tfin
648 1415 756 1478 antica.

550 1517 648 1603 Caput
668 1516 805 1581 Herculis
828 1517 944 1581 barbati
970 1518 1074 1580 laurea
1095 1518 1241 1588 cinctum,
1266 1537 1344 1599 poue
1367 1517 1464 1590 claua,
1487 1524 1558 1584 nota
1580 1513 1699 1584 unciae.

551 1621 633 1685 ldcm
658 1626 745 1706 typos
768 1639 803 1683 ac
826 1620 855 1682 in
880 1618 969 1685 uncia
991 1617 1133 1706 superius
1156 1620 1318 1704 descripta.

509 1722 576 1788 Vidi
599 1725 678 1810 apud
702 1723 845 1788 Sambon.
869 1730 897 1786 et
921 1723 1071 1788 lrauriam.

471 1837 503 1908 o)
527 1828 569 1906 χε
590 1828 620 1890 in
642 1827 770 1912 postica.

555 1929 653 2014 Caput
675 1929 815 1994 Mercurii
839 1937 945 2013 petaso
967 1937 1090 1997 tectum.

554 2032 680 2097 Calceus
710 2031 806 2097 alatus
834 2033 975 2098 Mercurii
1005 2040 1036 2096 et
1064 2034 1236 2106 caduceos,
1267 2034 1388 2098 additur
1410 2035 1441 2098 in
1462 2035 1605 2120 exemplis
1632 2037 1703 2102 miii

598 2134 1007 2206 visisnolaSsemunciae.
1153 2140 1157 2148 '

513 2239 646 2304 llabelor
667 2237 697 2302 in
720 2239 780 2303 tab.
803 2239 972 2303 Carelliana
992 2239 1137 2316 llllClll,
1164 2245 1201 2304 td
1225 2263 1262 2306 ex
1285 2239 1417 2306 editione
1438 2241 1588 2306 Avellinii.

513 2341 580 2406 Vidi
603 2341 684 2424 apud
707 2339 896 2406 Vincentium
916 2341 1078 2407 Baronium
1103 2342 1322 2426 negotiatorem
1344 2353 1373 2408 et
1395 2344 1426 2407 in
1450 2364 1553 2411 museo
1575 2344 1704 2411 Sanian-

430 2444 564 2529 galiano,
588 2451 618 2508 et
638 2443 736 2508 habeo
760 2443 841 2530 apud
864 2464 928 2521 me,
950 2445 1062 2530 pendet
1084 2466 1127 2528 gr.
1152 2450 1179 2522 3,
1192 2451 1241 2510 50.

471 2547 506 2630 p)
528 2547 569 2625 tf
592 2545 621 2611 in
645 2547 754 2610 antica.
784 2603 788 2610 .

555 2649 670 2714 Noctua
691 2668 774 2713 ramo
798 2648 894 2713 olivae
918 2651 1069 2716 insistens.

557 2751 694 2816 Protome
718 2753 779 2836 apri
804 2759 832 2816 ct
857 2759 927 2815 nota
950 2768 971 2835 ξ
996 2754 1178 2818 semunciae.

515 2855 581 2918 Vidi
606 2856 634 2919 in
659 2875 761 2918 museo
791 2855 1035 2937 Santangeliano.
1068 2855 1164 2939 Igitur
1187 2857 1330 2922 Venusini
1355 2857 1466 2942 duplici
1490 2865 1560 2923 nota
1583 2859 1707 2943 signant

432 2957 631 3024 semunciam:
655 2957 800 3022 adhibent
823 2959 900 3022 enim
925 2965 942 3030 s
967 2960 1013 3022 vel

474 3061 506 3144 q)
531 3065 576 3141 tf
596 3059 628 3124 io
651 3061 761 3124 antica.

557 3159 655 3246 Caput
677 3161 763 3224 bovis
785 3159 956 3226 adversum.

524 3314 526 3319 .
557 3262 655 3348 Caput
677 3264 804 3347 aquilae.
1601 3339 1605 3347 ,

514 3363 614 3430 Edidit
638 3364 804 3438 Fiorcllius,
830 3367 950 3431 ossen.
976 3387 1072 3439 num..
1096 3368 1156 3430 tab.
1182 3367 1203 3441 l,
1227 3389 1254 3430 n.
1280 3373 1307 3431 i.
1333 3369 1396 3434 Non
1422 3367 1492 3433 vidi.

474 3468 504 3551 r)
527 3470 567 3544 tf
591 3466 621 3530 in
647 3470 754 3532 antica.

560 3571 707 3653 ergarus.

524 3757 530 3766 .
560 3671 651 3738 llana.

517 3774 568 3839 Est
590 3777 618 3838 in
643 3773 851 3841 llirchcriano.

966 3998 1049 4072 CAP.
1076 3998 1135 4071 lll.

435 4211 437 4218 ι
526 4192 629 4238 nummi
648 4191 676 4238 iu
695 4192 851 4250 salentinis,
871 4193 898 4238 in
917 4192 1044 4248 numnis,
1063 4198 1089 4238 et
1106 4196 1183 4238 extra
1201 4194 1306 4240 ltalia·
1325 4205 1341 4238 a
1359 4193 1487 4240 lemania
1504 4194 1571 4240 eust.

392 4393 441 4456 77.
466 4393 659 4476 (Aliud.)
685 4395 720 4476 a)
748 4397 852 4464 BRVN
878 4393 907 4457 in
930 4393 1047 4479 postica
1070 4402 1100 4457 et
1123 4399 1151 4462 t.

561 4493 691 4559 Victoria
713 4516 795 4560 ramo
819 4496 937 4579 palmae
960 4497 1137 4560 lemniscum
1161 4497 1327 4582 imponens.

561 4596 698 4683 Delphin.
