3650 5342
360 248 406 306 tal

345 371 409 436 ravi
433 376 524 454 atque
546 369 593 434 his
616 369 713 454 palam
736 369 965 454 inscriptionem
984 371 1013 434 in
1032 369 1150 455 postica
1169 370 1350 436 delineatam
1374 372 1500 436 ostendi.
1522 370 1660 436 Formam

346 491 488 559 gypseam
511 473 666 558 expressi,
689 475 787 558 ipsum
810 491 883 538 vero
906 480 1133 539 monumentum
1156 472 1235 538 edidi
1259 474 1289 539 in
1312 475 1392 539 Diss.
1411 473 1544 539 arcbeol.
1564 475 1623 538 vol.
1638 474 1660 538 l.

389 574 527 640 Ceterum
551 573 718 650 blarcbius,
741 575 788 638 cui
813 573 997 658 epigraphen
1021 573 1103 638 illam
1119 595 1137 640 a
1153 595 1200 639 me
1214 575 1364 641 detectam
1380 575 1516 653 ostendi,
1531 573 1660 660 primum

346 679 545 764 repugnavit,
573 682 633 742 tom
663 677 809 760 quasdam
839 676 955 742 litteras
982 679 1179 760 recognovit,
1202 681 1380 743 memoravit
1401 681 1491 745 etiam
1513 681 1544 744 io
1566 679 1659 742 cistae

346 781 544 846 enarratione.
567 777 748 844 Ritsobolius
772 798 788 843 a
811 798 858 843 me
882 778 995 845 editam
1018 781 1048 844 in
1071 778 1172 865 Opere
1195 779 1333 867 inscript.
1348 781 1521 867 pompeian.
1535 780 1660 865 grapbio

346 891 437 948 notat.
460 884 597 966 excepit,
621 883 818 967 laudavitque
838 883 866 946 in
884 882 991 947 Enarr.
1008 884 1083 947 titul.
1099 906 1129 969 p.
1146 888 1175 946 9.
1196 884 1310 947 Tamen
1333 885 1548 950 Mommsenius
1568 881 1661 947 edixit

346 1005 393 1050 me
415 986 499 1051 aliud
522 983 598 1050 nihil
621 985 772 1072 reperisse
794 987 823 1048 in
849 985 926 1070 pede
949 987 1042 1050 cistae
1062 1011 1077 1046 o
1093 985 1149 1050 nisi
1167 989 1294 1071 spatium
1310 1007 1437 1053 vacuum
1454 986 1590 1070 rubigine
1605 983 1658 1050 ab·
1767 1024 1772 1036 ·

346 1089 468 1154 ductum
493 1088 581 1153 lacile
605 1091 695 1170 nugis
718 1087 827 1152 talibus
850 1087 1036 1175 implendum
1061 1113 1088 1152 u.
1119 1088 1202 1154 llaec
1224 1089 1283 1155 ille.
1306 1089 1378 1173 Legi
1401 1109 1457 1173 ego
1479 1088 1662 1175 blaquoulna

346 1190 411 1256 sive
434 1190 598 1276 blaquolna
620 1211 675 1276 pro
698 1191 1013 1275 blacolnia‚=dixique
1036 1193 1065 1256 in
1088 1193 1138 1257 cit.
1156 1193 1296 1276 opella
1314 1192 1583 1277 Dissarcbeolp.
1604 1193 1660 1256 ltl

347 1313 453 1360 nornen
477 1294 534 1360 boc
557 1293 595 1359 ab
619 1293 734 1359 artilice
748 1294 907 1378 signatum
932 1292 1116 1375 ioibiesse,
1147 1296 1309 1361 mentoriae
1331 1313 1433 1361 eausa.
1466 1293 1550 1360 Haec
1573 1314 1591 1358 a
1612 1313 1660 1358 me

345 1399 456 1464 dudum
485 1399 600 1484 scripta
629 1397 747 1480 ignorat
775 1397 875 1463 adbuc
905 1397 1071 1463 Enarrator
1091 1397 1216 1483 lipbem.
1239 1399 1333 1484 epigr.
1354 1398 1471 1472 berol,
1494 1398 1546 1482 qui
1568 1418 1596 1483 p.
1621 1402 1659 1461 ll

344 1499 515 1566 Schoenum
535 1499 611 1565 lacit
632 1500 722 1566 buius
744 1480 964 1566 observatiobis
986 1507 1150 1566 auctorem.

346 1709 416 1770 aaa.
438 1737 477 1750 -
499 1704 531 1768 ln
554 1704 666 1770 lamina
688 1705 782 1770 cistae
805 1702 1022 1770 llircbarianae
1046 1707 1212 1770 sustinente
1234 1703 1336 1790 sigilla
1356 1723 1446 1772 aerea
1468 1705 1536 1769 tria.

594 1901 738 1973 410ὶο
764 1934 773 1952 ·
801 1905 927 1975 ΝΜΗ
951 1935 958 1950 ·
985 1906 1210 1975 vtuto>tttt
1237 1937 1245 1952 ·
1270 1903 1411 1976 lllflbllss

594 2036 1408 2110 rtotttos·cvntrtot·tvtett·tt0tant·te<tu

386 2223 496 2290 Narrat
517 2219 597 2290 cista
620 2221 657 2287 da
680 2240 713 2284 so
737 2219 866 2288 Novium
889 2219 1042 2286 Plautium
1065 2219 1207 2286 artificem
1231 2223 1344 2287 Romae
1367 2223 1496 2302 iecisse,
1519 2221 1660 2287 [lindiam

344 2323 524 2392 blaculuiam
547 2325 710 2406 Praeneste
733 2323 815 2388 litiae
839 2324 968 2388 dedisse.
992 2324 1066 2389 Cum
1080 2323 1236 2410 inscriptio
1251 2333 1374 2391 exarata
1388 2326 1428 2389 sit
1442 2323 1472 2389 in
1488 2325 1581 2391 cistae
1597 2344 1659 2389 ma·

345 2429 470 2506 nubrin,
494 2428 576 2514 quod
599 2435 718 2493 constat
739 2426 848 2510 sigillis
872 2425 967 2490 tribus
990 2426 1118 2492 laminae
1141 2428 1271 2514 scriptae
1286 2426 1508 2504 insistentibus,
1523 2437 1553 2492 ct
1568 2428 1662 2514 pedes

346 2541 375 2596 et
398 2531 587 2598 manubrium
613 2529 794 2596 Praenestae
816 2530 935 2613 corpori
960 2529 1051 2594 cistae
1073 2527 1176 2594 addita
1198 2531 1270 2608 sint,
1289 2530 1479 2597 manifestum
1498 2537 1554 2608 est,
1572 2528 1659 2594 Plau·

346 2636 420 2700 tium
443 2631 612 2700 admirandi
636 2631 737 2718 operis
761 2630 880 2716 corpori
903 2629 1000 2696 cistae
1023 2632 1164 2718 insculpti
1187 2639 1340 2699 auctorem
1363 2633 1464 2699 luisse.
1488 2631 1567 2700 Olim
1589 2633 1662 2697 ede·

345 2737 437 2802 batur
457 2739 590 2810 Ftlfilt:
609 2735 662 2800 ubi
680 2753 753 2800 vero
771 2733 907 2800 constitit
926 2733 1044 2798 sublata
1059 2733 1217 2818 aerugine,
1232 2755 1312 2821 quae
1328 2734 1485 2811 obruebat,
1501 2736 1660 2818 legendum

346 2842 433 2905 tertio
456 2859 530 2904 casu
556 2842 682 2911 etvent
698 2889 704 2912 ,
728 2836 825 2922 patuit
847 2836 934 2901 simul
951 2856 968 2901 a
983 2835 1096 2902 Dindia
1112 2835 1264 2904 blacolnia
1279 2858 1388 2903 nomen
1403 2838 1484 2903 filiae
1499 2839 1660 2916 omissum;

345 2941 510 3010 verosimili
534 2962 550 3007 e
573 2941 708 3014 ratione,
731 2941 813 3025 quod
834 2941 901 3026 ipsa
925 2939 1032 3005 Plautii
1056 2958 1131 3005 uror
1153 2950 1233 3016 erat,
1256 2949 1287 3005 et
1308 2942 1369 3005 lilia
1390 2941 1509 3008 Plautia
1526 2943 1659 3007 nomina-

346 3046 441 3112 batur.
476 3045 662 3110 Plautiorum
692 3061 767 3126 gans
798 3043 965 3108 Praeneste
988 3043 1044 3108 bac
1067 3050 1167 3108 aetate
1190 3062 1227 3108 er
1249 3043 1344 3108 titulis
1367 3045 1570 3129 praenestinis
1591 3052 1664 3110 nota

346 3158 406 3214 est:
430 3169 533 3213 verum
557 3147 773 3211 lllommseoius
796 3145 924 3212 Novium
946 3152 1033 3231 putat
1053 3145 1193 3211 libertum
1213 3145 1343 3212 familiae
1362 3167 1503 3214 romanae
1521 3147 1660 3234 plebeiae

239 3243 247 3258 ⁵
347 3251 548 3316 Plautiorum:
572 3257 603 3314 at
624 3267 808 3334 praenomen
832 3247 948 3313 Novius
971 3267 1125 3313 roonanum
1145 3258 1284 3322 nonest,
1304 3269 1359 3315 nec
1377 3251 1405 3314 in
1425 3271 1461 3315 ea
1479 3250 1661 3316 Plautiorum

346 3361 436 3436 gente
458 3351 578 3438 plebeia
599 3351 760 3436 quisquam
783 3352 864 3437 quod
887 3352 1015 3425 scimus,
1038 3370 1075 3416 eo
1096 3352 1291 3435 praenomine
1313 3372 1385 3416 usus
1407 3361 1463 3417 est.
1495 3351 1582 3418 Fecid
1604 3372 1660 3436 pro
1739 3420 1744 3429 ,

344 3455 429 3520 Fecit
450 3453 594 3537 singulari
618 3453 757 3537 exemplo
780 3455 935 3538 scriptum.

347 3663 417 3724 52³.
442 3659 482 3743 (=
496 3662 576 3723 tant
590 3659 609 3742 t.
644 3691 683 3706 -
716 3657 827 3723 lrcula
857 3677 894 3722 ex
925 3675 997 3741 agro
1019 3660 1216 3741 praenestino
1238 3659 1363 3726 llcmam
1386 3660 1496 3727 allatae
1528 3681 1608 3727 nuuc
1629 3663 1658 3727 in

493 3779 597 3826 museo
620 3759 773 3826 Vaticano.

1290 3872 1324 3923 >

760 3999 925 4067 calceat
949 3996 1113 4072 blastrtt
1139 4001 1242 4067 tttnto
1290 3934 1324 4068 Ξ

678 4093 709 4167 Ξ
1293 4073 1325 4171 Q
1374 4087 1494 4159 tutor

677 4177 710 4214 Λ

369 4255 494 4330 necor
518 4253 651 4324 nervas
678 4223 710 4350 5
1292 4185 1324 4362 ξ

677 4357 712 4500 Ξ
1371 4428 1473 4495 atne
1497 4431 1653 4499 veturus

159 4667 165 4676 Ι
288 4643 291 4648 ,
388 4576 538 4660 Diespiter
559 4574 658 4638 adstat
680 4572 796 4638 medius
821 4572 963 4638 lunonem
987 4574 1064 4637 inter
1078 4577 1109 4636 et
1122 4535 1299 4640 Herculem:
1323 4573 1489 4642 llereurius
1510 4577 1658 4643 bilancem
