3650 5342
384 239 428 299 ldl

369 363 457 428 cuius
474 383 641 450 epooymus
659 363 799 439 Thasius,
820 363 938 436 Θάσιος.
957 365 1115 450 lycurgus
1131 365 1188 428 erit
1202 383 1256 430 ren
1271 364 1321 429 ille
1337 363 1486 430 Thraciae
1501 361 1686 439 notissimus,

369 467 420 551 qui
443 465 553 532 Bacchi
578 467 664 551 orgia
686 469 812 532 evertit:
834 467 862 531 is
885 467 978 552 igitur
1000 467 1179 532 tradebatur
1201 473 1233 532 et
1253 467 1284 532 in
1306 465 1436 533 insulam
1459 465 1592 530 Thasum
1611 465 1686 529 sites

369 571 526 635 excisurus
547 577 578 633 et
600 570 686 653 orgia
707 570 862 636 deleturus
885 571 1064 636 advenisse:
1087 559 1200 656 ibique
1214 569 1358 644 Thasios,
1382 589 1448 634 ase
1463 568 1686 656 persequendo,

369 670 491 737 casdem
514 673 602 757 pueri
625 673 772 738 Philonici
794 671 967 752 minitatus,
990 671 1187 738 exhorruisse.
1210 673 1288 738 Nota
1310 673 1440 738 litteram
1455 695 1473 756 p
1489 670 1558 736 loco
1572 692 1588 734 c
1602 669 1688 736 adhi-

367 773 460 841 bitam
483 781 553 840 ante
576 796 592 838 o
613 773 644 840 in
668 776 839 846 Lucorcos.
864 782 897 840 ot
918 773 950 839 in
974 776 1156 859 blaquolna,
1180 776 1236 839 nisi
1259 776 1342 863 quod
1365 775 1404 840 ibi
1427 775 1630 846 onichino,
1653 779 1686 840 ut

367 875 399 941 in
422 877 561 963 Proqilia.

370 1084 439 1144 ost.
464 1116 498 1130 -
524 1079 854 1168 Speculi·praeuastini
877 1081 1036 1146 manubrio
1058 1081 1250 1167 insculptum.

456 1289 561 1388 '88ss
736 1286 1021 1374 llelineatomdedi
1044 1287 1074 1351 iu
1096 1288 1175 1352 Diss.
1199 1285 1249 1351 dei
1271 1285 1343 1354 Can.
1367 1285 1513 1352 Ritsohel.
1530 1292 1591 1350 tar.
1609 1304 1637 1346 n.
1657 1284 1686 1346 7.

696 1387 772 1455 Nota
802 1390 927 1456 formam
956 1390 1138 1474 singularem
1167 1389 1312 1455 litterar.
1343 1389 1401 1454 Ser
1422 1386 1551 1454 nominis
1573 1385 1685 1475 proprii

367 1488 495 1660 plriippp'p
525 1491 670 1578 syllabam
701 1499 772 1578 puto
801 1494 983 1578 explendam
1010 1512 1065 1578 pro
1087 1493 1185 1558 lubitu
1208 1491 1358 1572 Servilia,
1380 1492 1507 1575 Sergia,
1529 1487 1684 1563 Sertorio.
1749 1585 1753 1592 ¹

368 1803 439 1864 aaa.
463 1835 501 1850 -
525 1798 653 1866 Gemma
673 1797 704 1865 in
728 1819 790 1885 qua
811 1797 945 1864 Achilles
968 1818 1087 1864 ocream
1109 1800 1215 1864 induit.

474 2004 608 2074 helles
778 1999 902 2066 llabeas
931 2020 987 2086 pro
1016 2000 1140 2067 nomine
1168 2002 1283 2080 latino,
1314 2009 1349 2068 ut
1376 2001 1447 2067 alibi
1471 2002 1545 2067 dixi.
1576 2002 1686 2068 Contra

737 2103 901 2170 Fabrettus
924 2105 955 2168 in
977 2102 1089 2168 lexico
1111 2126 1140 2189 p.
1164 2109 1203 2168 st
1233 2111 1386 2171 etruscum
1416 2124 1526 2170 nomen
1549 2125 1618 2171 esso
1639 2106 1685 2170 sl-

354 2210 487 2282 lirmat,
519 2208 567 2274 oui
588 2206 790 2293 adstipulatur
822 2205 1039 2272 conestabilis.
1075 2206 1166 2291 dtqui
1191 2207 1328 2281 Etrusci,
1351 2229 1419 2274 com
1442 2208 1589 2273 achillem
1612 2208 1685 2273 scri·

368 2312 458 2386 bunt,
481 2317 499 2384 s
529 2308 618 2376 finale
641 2317 816 2376 constanter
837 2311 994 2376 omittunt:
1019 2329 1075 2374 uec
1098 2312 1177 2375 enim
1202 2311 1339 2396 quaestio
1362 2319 1408 2376 est
1430 2318 1529 2376 utrum
1551 2310 1686 2376 scribant

367 2413 474 2490 holle,
497 2412 611 2486 hoelo,
634 2413 728 2489 dole,
752 2415 780 2478 in
805 2433 865 2498 quo
889 2415 1002 2478 erravit
1024 2412 1248 2491 conestabilis,
1271 2421 1382 2499 putans
1405 2434 1452 2478 me
1475 2434 1511 2479 ea
1533 2415 1571 2478 de
1593 2433 1684 2480 causa

333 2509 336 2520 ’
367 2517 493 2582 latinum
515 2513 645 2592 dixisse,
669 2516 749 2601 quod
772 2518 783 2578 i
805 2535 860 2600 pro
882 2539 898 2579 a
918 2515 1073 2599 legeretur
1095 2516 1126 2579 in
1149 2516 1258 2582 hoiles.
1283 2517 1409 2581 decedit
1425 2515 1497 2582 huic
1515 2515 1575 2581 alia
1593 2504 1683 2582 etiam

368 2621 444 2686 ratio
467 2619 541 2685 satis
564 2626 662 2685 certa:
686 2619 820 2684 litteram
839 2626 886 2696 Α,
911 2618 1013 2684 media
1034 2619 1115 2684 linea
1137 2619 1174 2682 ad
1198 2619 1300 2704 basem
1320 2618 1444 2705 oblique
1462 2621 1604 2698 demissa,
1623 2639 1687 2685 cer-

367 2731 431 2789 tum
454 2730 581 2788 estnon
605 2741 673 2788 esse
697 2722 893 2788 Etruscorum
923 2723 1098 2806 propriam,
1128 2741 1184 2787 nee
1206 2723 1244 2786 ad
1267 2723 1462 2788 Etruscorum
1485 2723 1683 2788 litteraturam

366 2845 500 2912 unquam
524 2825 722 2910 pertinuisse:
747 2831 764 2897 S
787 2845 860 2890 vero
879 2826 1104 2907 retrogradum,
1120 2826 1201 2910 quod
1216 2826 1326 2890 Falisci
1342 2846 1471 2910 semper,
1487 2825 1583 2892 Latini
1598 2826 1685 2891 iden-

366 2928 458 2993 tidem
480 2927 628 2993 scribunt.

369 3104 441 3165 bib.
476 3137 518 3148 -
552 3098 584 3164 lu
608 3119 728 3183 gemma
750 3100 802 3166 uhi
826 3101 886 3166 duo
909 3111 1065 3166 sacrorum
1094 3099 1225 3166 ministri
1254 3101 1355 3166 lerunt
1383 3100 1497 3166 ancilia
1518 3100 1578 3168 tria
1600 3109 1685 3165 vecte

514 3220 675 3287 suspensa.

474 3327 645 3429 necrus*
799 3356 891 3438 neon
919 3356 1080 3422 rauracus
1109 3355 1140 3420 n
1170 3355 1282 3422 uesica
1308 3377 1336 3442 p.
1361 3361 1400 3421 rs
1423 3365 1454 3421 u
1476 3357 1540 3422 an·
1561 3377 1591 3420 n.
1614 3361 1683 3421 ιιι.

502 3460 598 3531 ΛΚΕ
758 3459 893 3544 Appius,
918 3467 952 3525 ut
973 3458 1073 3535 vinis,
1096 3460 1133 3524 de
1157 3480 1216 3544 quo
1239 3479 1346 3544 supra,
1369 3461 1459 3524 etiam
1483 3460 1686 3547 praenominis

560 3646 563 3656 Ι
758 3562 825 3627 loco
847 3561 987 3628 hahetur.
1010 3562 1099 3640 hice,
1123 3562 1170 3628 vel
1194 3582 1300 3627 nomen
1324 3561 1459 3629 mulieris
1477 3571 1525 3628 est
1541 3583 1614 3630 casu
1630 3563 1683 3627 da·

366 3663 443 3740 tiro,
465 3663 513 3728 vel
536 3665 697 3748 legendnm
720 3666 822 3742 lices,
846 3685 954 3752 nempe
977 3667 1096 3741 dicius,
1118 3666 1237 3732 Aloeus.

958 3863 1090 3908 ιιιιίιιιο.

369 4013 440 4073 stt.
474 4045 515 4058 -
547 4009 672 4074 Lamina
702 4029 792 4074 aerea
820 4009 916 4076 musei
945 4012 1182 4077 vindobonensis
1212 4013 1327 4077 hahens
1351 4020 1433 4097 parte
1456 4015 1572 4097 postica
1593 4020 1684 4098 capnt

513 4111 683 4177 arietinum.

477 4267 640 4336 thlrlllS
1003 4267 1037 4330 lu
1049 4268 1208 4332 altiliorum
1224 4275 1313 4351 gente
1326 4269 1439 4334 saeculi
1452 4270 1527 4333 sexti
1541 4271 1602 4336 noti
1614 4279 1686 4336 sunt

474 4370 666 4438 SlthNllS
679 4401 685 4414 ·
696 4372 717 4436 Ε
729 4401 736 4416 ·
748 4377 790 4438 dd
803 4401 809 4415 ·
823 4375 842 4437 Ρ
958 4369 1166 4435 Caiusdtilius
1179 4371 1313 4437 Saranus
1326 4373 1434 4438 consul
1446 4391 1473 4438 a
1485 4375 1553 4437 538.
1564 4373 1685 4440 Marcus

955 4472 1067 4537 Atilius
1085 4471 1221 4538 Soranus
1238 4481 1379 4540 monetae
1396 4475 1590 4560 praepositus
1604 4477 1686 4542 circa

371 4589 398 4633 a.
422 4573 577 4635 hdo-58⁰.
602 4571 679 4636 ltsm
702 4571 823 4637 ldarcus
846 4572 957 4639 Atilios
979 4573 1115 4640 Soranus
1135 4583 1256 4661 praetor
1278 4595 1305 4642 a.
1328 4581 1399 4643 602.
