3650 5342
1417 266 1467 325 467

158 390 272 457 deinde
286 411 317 477 p.
335 397 404 466 ton,
428 391 479 470 ait,
496 391 637 458 docuisse
660 412 693 456 se
709 413 807 478 nuper
821 392 879 457 hnc
901 393 1104 476 fragmentum
1128 392 1275 476 principia
1290 392 1477 458 senariorum

160 495 288 560 duorum
312 496 486 561 ostendere:
514 495 580 560 Alei
603 494 634 560 in
656 496 822 560 Venerieis.
850 495 944 561 Mihei
975 501 1086 560 contra.
1116 496 1207 560 Addit
1231 504 1391 580 praeterea
1419 497 1477 563 alei

158 615 293 683 aequare
314 598 440 665 formam
463 598 527 676 alii,
550 600 614 664 sive
637 599 663 664 is
683 599 801 664 dativus
825 607 878 676 est,
901 597 967 664 sive
990 597 1193 665 nominativus
1214 600 1326 684 potins.

161 891 252 953 tent.
276 925 315 936 -—
338 886 374 954 ln
396 909 477 977 pago
499 890 530 956 ia
549 891 704 957 diadonna
725 888 928 958 deli’Otiveto.

719 1068 919 1136 novantis

861 1173 918 1238 OF

717 1274 776 1340 ut

200 1456 355 1543 descripsi
377 1457 522 1544 edidiqne
545 1459 593 1545 o'p.
616 1459 668 1522 cit.
689 1481 718 1543 p.
743 1462 813 1525 itta.
839 1459 916 1542 dege
942 1459 980 1520 Μ.
1005 1458 1107 1522 Vatius
1130 1456 1162 1521 C.
1187 1459 1205 1520 i.
1228 1457 1312 1521 dedit
1334 1457 1443 1521 iocum.

157 1750 248 1812 tete.
271 1785 311 1796 -
332 1747 475 1832 Capriati.

683 1889 931 1971 Qmfieonttvs

707 1992 744 2057 Ε·
761 1994 796 2058 F·
813 1992 892 2058 TER

686 2095 851 2176 ttQttnnn

747 2198 794 2264 ot
817 2198 898 2264 SVO

198 2382 289 2447 Dedit
309 2383 436 2460 amicus,
459 2383 512 2467 qui
535 2379 704 2468 descripsit.
726 2381 814 2447 Edidi
837 2400 886 2465 op.
909 2382 960 2446 cit.
983 2401 1012 2466 p.
1035 2383 1085 2447 di.

157 2673 248 2740 trra.
268 2713 307 2724 ·-
329 2675 501 2740 Aeserniae.

773 2815 862 2883 TRO

675 2917 791 2985 ΝΑδΟ
815 2919 863 2984 PR

197 3119 352 3206 Descripsi
376 3119 521 3206 edidiqne
543 3118 574 3185 in
598 3121 642 3185 St.
665 3119 821 3185 d’iscrnia.
844 3119 1040 3186 Tromentina
1063 3121 1100 3204 (e
1123 3117 1221 3204 trihu)
1245 3118 1327 3183 Naso
1342 3125 1475 3203 praetor.

65 3397 68 3400 ’
157 3409 247 3476 tres.
271 3443 311 3457 -
332 3408 510 3475 Aeserniae.

605 3583 1007 3651 ann-<ossmrrvsee

597 3685 1004 3754 memmenni-n·

603 3788 1005 3858 ennean-mnne·

600 3877 1040 3963 <antecedentiam
1044 3894 1065 3960 ε

196 4092 354 4177 Descripsi
376 4091 519 4178 edidiqne
540 4095 570 4159 in
594 4093 673 4161 Stor.
696 4095 843 4160 d’lsernia
857 4114 927 4182 pag.
952 4101 1022 4172 itt,
1045 4101 1136 4166 Otii.
1151 4092 1224 4160 mihi
1239 4102 1287 4161 est
1309 4093 1406 4160 Ohins
1421 4113 1473 4179 pro

154 4193 270 4261 Ohoins
295 4195 387 4280 idque
410 4217 465 4282 pro
488 4196 575 4262 Oios.
606 4198 741 4262 diomms.
765 4197 871 4262 solvit:
896 4197 975 4264 Ossa
1002 4197 1070 4264 haic
1099 4199 1220 4265 Lucius.
1250 4195 1328 4262 Olim
1355 4206 1474 4264 veteres
1565 4237 1568 4244 ·

154 4300 251 4364 Ahala
272 4302 422 4386 scripsere
457 4320 511 4387 pro
545 4301 600 4366 dia
633 4302 824 4386 duplicantes
852 4303 987 4366 vocalem
1019 4303 1149 4386 longam,
1179 4301 1355 4388 interposito
1383 4303 1473 4366 etiam

154 4402 266 4470 adlata.
288 4405 363 4470 item
385 4404 494 4470 cohors
516 4410 547 4468 et
568 4403 658 4469 oohrs
681 4425 736 4491 pro
759 4425 856 4470 conns.
882 4405 937 4468 Via
959 4414 1010 4471 aut
1024 4409 1086 4470 Vea
1101 4407 1172 4470 oiim
1189 4404 1271 4484 vien,
1289 4407 1386 4471 altera
1406 4411 1475 4470 utra

154 4507 251 4572 vocali
274 4509 389 4584 extrita,
411 4527 448 4572 or
470 4508 547 4572 veha
568 4505 659 4572 venie
692 4508 741 4574 vel
770 4506 861 4573 vihee
893 4507 997 4574 afflatu
1027 4509 1164 4588 subiato,
1188 4527 1267 4600 qnae
1301 4509 1405 4597 opinio
1427 4514 1473 4572 est

153 4609 326 4688 Ititscheiii‚
348 4611 455 4676 Enarr.
478 4610 541 4675 tab.
562 4631 591 4699 p.
613 4615 666 4676 63.
