3650 5342
145 401 235 462 rete.
259 365 300 448 —I
321 396 475 484 Sceppite,
500 398 631 464 nuncin
656 417 761 463 museo
785 399 940 484 aquilano.

673 558 849 625 ΜΕΒΕΝΕ

677 659 849 727 rtttsntfi

676 763 929 829 rotunvnttfin

675 865 826 931 ATRNO

673 966 843 1033 AVNOM
1386 1007 1407 1044 0

675 1069 870 1136 tuterunt

185 1270 338 1357 Descripsi
362 1279 392 1336 et
413 1271 518 1338 charta
539 1270 685 1356 expressi.
708 1272 894 1354 ingentium,
919 1272 1075 1347 nitentior,
1098 1273 1223 1340 Mesene
1245 1274 1365 1340 iiusare.
1390 1278 1463 1342 Poi-

142 1369 284 1454 muniem‚
307 1376 409 1451 Atrno,
432 1377 560 1454 nunom,
583 1373 732 1440 Hiretum.
755 1375 842 1455 Quae
865 1385 937 1444 sunt
952 1377 1074 1441 nemine
1090 1377 1225 1442 vicorum
1240 1386 1294 1444 eut
1308 1398 1465 1463 pagorum,

145 1477 197 1560 qui
220 1497 322 1542 mense
346 1477 468 1556 ssusam,
493 1498 599 1564 nempe
622 1476 719 1543 norati
742 1479 893 1544 nundinas
916 1480 1045 1544 tortasse
1068 1480 1209 1563 egebant.

147 1757 238 1817 tntu.
264 1789 304 1800 -
325 1751 359 1816 S.
382 1751 539 1818 Vittnrino.

1299 1890 1464 1978 [rescripsi.

150 2165 240 2226 4817.
262 2197 304 2209 -
326 2160 453 2247 Aquilae
475 2160 508 2225 in
530 2180 647 2228 museo.

623 2320 994 2390 eenocvtftvsee

696 2424 921 2494 neutum-e

189 2625 353 2711 Descripsi.
370 2625 452 2708 Lege
466 2647 495 2690 v.
513 2629 532 2688 8
548 2624 656 2690 aeditis
679 2625 767 2691 indos
789 2625 869 2692 iecit.
885 2625 1039 2704 Momms„
1063 2627 1086 2690 l.
1103 2647 1127 2692 r.
1144 2647 1172 2692 n.
1188 2629 1208 2693 1.
1230 2633 1320 2707 ente,
1340 2629 1466 2696 fractam

147 2728 233 2792 initio
255 2727 346 2804 dedit,
371 2746 428 2792 non
452 2734 552 2809 recte3
575 2729 656 2792 idem
678 2747 864 2813 praenomen
886 2726 973 2794 initio
996 2730 1106 2795 omisit.

151 3005 242 3069 tete.
265 3037 306 3050 —-
328 3000 358 3063 S.
381 2998 546 3076 vinorino,
571 3000 621 3066 uhi
645 2999 715 3065 oiim
738 2999 934 3076 Amiternum,
957 2997 987 3063 in
1011 3018 1083 3064 eree
1104 2999 1279 3082 fragmento.

489 3187 499 3210 =
586 3159 1033 3228 uttrennnonnnno

630 3264 987 3332 mons-nfinrcttrn

189 3463 273 3530 Misit
294 3465 461 3531 Leusinius.
486 3462 575 3529 Edidi
599 3465 628 3528 in
651 3463 728 3529 Buli.
750 3463 875 3530 Minerr.
900 3472 932 3528 et
952 3482 1020 3529 mee
1043 3481 1070 3526 a.
1091 3466 1124 3526 tt
1144 3482 1172 3548 p.
1189 3466 1249 3528 80:
1265 3460 1327 3527 ridi
1342 3482 1399 3546 ego
1414 3483 1468 3548 pn-

147 3576 220 3633 stee.
244 3566 289 3630 Uti
313 3568 405 3632 Aveia
424 3567 465 3631 ita
487 3573 518 3631 et
539 3566 726 3632 Amiternum
750 3568 834 3632 tuere
857 3567 885 3631 in
903 3584 1062 3631 nnmerum
1082 3564 1347 3649 praefecturarum.
1363 3565 1467 3630 Utres·

148 3690 208 3756 que
230 3669 340 3734 deinde
362 3670 391 3732 in
415 3669 566 3753 municipii
589 3667 637 3734 ius
659 3668 772 3734 relatas
794 3669 883 3735 dneet
905 3667 953 3734 hie
976 3665 1065 3753 lapis,
1089 3668 1168 3733 tacu
1185 3669 1337 3734 mentione
1355 3667 1469 3736 ordinis

148 3775 213 3838 sire
236 3773 443 3838 decurionum.
1482 3790 1498 3836 r

149 4053 241 4115 tete.
263 4083 306 4096 -
326 4045 392 4114 ntte
413 4045 492 4110 (lese
513 4063 608 4131 prope
629 4044 786 4130 Aquilam,
810 4063 872 4110 are.

645 4201 971 4295 mentiones-cr

669 4307 712 4373 u·
732 4306 772 4372 n·
791 4307 831 4373 n·
850 4307 888 4372 u·
906 4307 952 4372 m

190 4511 315 4577 Frustra
344 4508 415 4574 rnihi
445 4504 584 4592 quaesite
606 4513 660 4573 est.
682 4507 795 4589 Leges:
825 4506 953 4584 Lurius,
977 4504 1121 4584 Publius,
1142 4502 1274 4582 inedies,
1299 4501 1354 4569 cai
1377 4501 1465 4583 miei,

147 4614 291 4686 ttercotei
313 4611 520 4678 donum'dnnt
540 4609 671 4676 libentes
694 4611 812 4674 merito.
