3650 5342
363 342 545 409 delineatum
567 343 715 409 concessi.
738 342 828 411 Errat
848 346 952 433 itaque
973 346 1190 413 Mommsenins
1206 348 1258 435 qui
1273 344 1501 415 ritscbelianum
1518 349 1687 435 exemplum

361 444 542 512 Minerrinio
564 444 718 526 adscribit,
740 467 809 514 oum
826 448 1011 515 Ritsebelins
1026 449 1096 536 ipse
1115 450 1196 515 clara
1214 448 1343 517 affirmet
1360 448 1531 517 ldinerrinii
1546 459 1687 539 ectypum

362 547 402 612 ed
421 568 456 613 se
478 550 651 634 pervenisse
673 570 837 637 nunquam,
864 551 955 618 «sire
978 553 1004 617 is
1019 551 1144 631 miserit,
1160 574 1215 619 seu
1231 554 1332 640 potius
1347 552 1467 620 mittere
1481 556 1686 621 instituerit».

363 652 524 718 Pmeterea
545 654 635 718 lentio
657 652 830 719 blinervinii
854 674 944 745 quam
969 656 1033 740 ipse
1065 656 1199 741 vulgarit
1228 658 1258 721 in
1287 656 1364 744 pr.
1388 658 1506 744 neapol,
1528 658 1588 723 vol.
1613 655 1686 736 vll,

362 777 390 840 p.
412 763 447 835 8,
469 776 530 841 quo
558 758 622 822 loeo
651 756 832 823 lannellium
864 757 1052 835 emendavit,
1082 760 1136 824 bes
1160 760 1217 825 lert
1244 759 1356 825 vertice
1386 759 1546 847 inscriptos
1568 760 1685 827 litteras

362 890 468 1028 --ΙΞΙ
502 939 579 1003 quus
609 928 690 984 certe
720 917 904 985 llitscbelius
936 940 973 985 ne
998 922 1080 985 novit
1106 920 1240 1008 quidem.
1264 920 1354 989 trino
1385 922 1555 1009 exemplum
1580 920 1685 989 babuit

361 1080 587 1158 Mommsenius,
609 1084 692 1168 qnod
714 1081 874 1148 affirmarit
890 1080 952 1147 sibi
968 1083 1006 1149 eb
1025 1083 1123 1151 emico
1136 1084 1275 1161 missurn,
1291 1092 1323 1151 et
1340 1084 1504 1150 ltitsobelio
1520 1085 1613 1151 dedit.
1629 1084 1685 1150 llio

359 1252 503 1321 verticem
525 1252 606 1320 tituli
629 1253 673 1320 sio
695 1253 871 1341 exscripsit:
904 1197 1048 1379 {¹¹35}
1092 1254 1124 1321 V.
1154 1255 1311 1323 Ritscbelii
1346 1266 1487 1335 enarrat,
1521 1278 1550 1341 p.
1581 1262 1619 1323 lb
1653 1265 1684 1323 et

358 1445 386 1509 p.
410 1430 460 1501 95,
483 1424 535 1489 ubi
554 1423 597 1489 eit
614 1424 672 1489 sibi
691 1425 816 1491 lormam
838 1402 1034 1493 obartaoeam
1056 1426 1095 1492 nb
1118 1427 1253 1512 Eugenio
1278 1426 1442 1494 Peterseno
1466 1426 1607 1505 missam,
1630 1430 1684 1514 qui

342 1528 473 1594 eminus
499 1527 552 1593 ille
580 1547 648 1594 esse
675 1529 796 1595 ridetur
816 1528 1016 1595 Mommsenii.
1034 1530 1097 1597 Neo
1121 1538 1221 1595 tamen
1244 1531 1322 1598 banc
1345 1531 1440 1596 edidit
1457 1530 1682 1606 Mommsenius,

357 1632 411 1699 sed
432 1632 602 1716 exemplum
626 1650 742 1706 meum,
765 1632 847 1718 quod
872 1631 1057 1699 ltitsobelins
1079 1632 1231 1717 expressit
1254 1634 1314 1700 tob.
1334 1632 1456 1698 xcvllt
1481 1632 1538 1699 Bb.
1559 1632 1602 1697 llr
1621 1653 1682 1719 qna

357 1754 458 1802 rerum
479 1737 624 1801 memorie
646 1742 749 1820 patere
771 1736 902 1802 arbitror
923 1737 1075 1802 neminem
1098 1735 1128 1799 in
1152 1736 1264 1803 verlice
1286 1735 1445 1803 columnae
1469 1734 1634 1803 Kardinem
1652 1744 1682 1801 et

357 1838 564 1904 benumannm
586 1838 791 1917 intellexisse,
815 1839 965 1905 neminem
995 1839 1208 1926 descripsisse.
1238 1840 1272 1907 ln
1305 1840 1444 1906 columna
1477 1841 1529 1927 qui
1564 1838 1682 1903 tresviri

356 1940 548 2024 nominentur
563 1940 593 2005 bi
611 1939 677 2025 lege
695 1941 869 2026 sempronia
884 1940 979 2006 creati
998 1960 1071 2024 agro
1094 1940 1215 2024 publico
1239 1941 1438 2016 terminando,
1461 1941 1569 2006 deinde
1592 1941 1682 2005 eliam

355 2044 568 2108 controversiis
589 2042 767 2108 'iudicandis
797 2043 876 2108 inter
904 2064 1011 2127 agrum
1035 2044 1183 2131 privatum
1213 2053 1243 2109 el
1271 2044 1441 2129 publicum,
1473 2062 1571 2128 eoque
1594 2044 1681 2111 altri-

291 2157 293 2161 ·
355 2145 487 2210 buendo
510 2144 697 2230 Campanum
721 2164 827 2229 agrum
850 2145 889 2210 ab
913 2145 950 2209 iis
973 2146 1064 2211 etiam
1088 2146 1256 2222 limitatum,
1275 2148 1317 2212 eil
1334 2144 1479 2222 Momms,
1495 2145 1542 2210 vel
1557 2150 1682 2230 propter

354 2248 500 2313 coloniam
523 2248 670 2327 loturam,
689 2246 735 2311 rel
760 2247 916 2313 locationis
939 2267 1040 2315 causa.
1064 2247 1268 2328 Quamobrem
1299 2248 1443 2313 terminus
1465 2246 1514 2311 bio
1536 2246 1628 2313 hobel
1650 2251 1679 2311 in

356 2354 468 2417 verlice
494 2349 587 2437 siglas
617 2348 785 2415 indicantes
813 2350 1025 2417 Decumaoum
1059 2358 1091 2416 et
1123 2350 1295 2417 Kordinem.
1329 2350 1372 2417 Ex
1407 2352 1475 2433 lege
1510 2351 1682 2436 sempronia

353 2454 441 2539 primi
470 2452 502 2518 bi
532 2452 681 2518 triumviri
710 2446 805 2519 ‘creati
835 2474 862 2518 a.
894 2458 949 2518 ost
986 2455 1045 2519 duo
1069 2454 1241 2539 Sempronii
1264 2452 1365 2518 Tiber.
1390 2461 1420 2517 et
1442 2452 1550 2531 Gaius,
1573 2454 1681 2518 tertius

352 2560 409 2643 Δρ.
433 2556 588 2622 Claudius.
610 2555 731 2619 Tiberio
754 2556 860 2622 eodem
883 2576 962 2623 anno
984 2556 1130 2623 sullectus
1152 2566 1200 2621 est
1223 2556 1255 2621 Ρ.
1280 2555 1412 2621 Licinius
1434 2554 1576 2622 Crassus.

352 2802 422 2861 906,
446 2796 483 2880 (ει
498 2797 606 2881 lbbl).
630 2750 674 2845 -Ι
689 2796 788 2882 Prope
811 2796 952 2862 brienno.

819 2954 1166 3026 c-seooerourus·
1202 2956 1222 3021 e

817 3058 870 3124 no
894 3089 901 3102 ·
924 3056 1121 3125 <inustus
1146 3088 1153 3101 ·
1177 3058 1199 3123 c

818 3160 863 3226 o·
890 3160 1198 3249 nocturnes-r

949 3262 1085 3330 tir-ure
1330 3258 1352 3297 ··

390 3416 517 3483 Latebat
543 3414 575 3481 in
606 3412 740 3481 Historia
768 3414 958 3481 Suessulam
987 3434 1006 3479 e
1037 3415 1179 3479 Lettierio
1212 3411 1341 3499 scripta:
1372 3412 1444 3477 lude
1472 3430 1530 3495 ego
1562 3411 1674 3497 protuli

349 3520 492 3607 edidique
513 3518 542 3583 in
564 3518 641 3604 pr.
666 3537 753 3604 neap.
772 3524 899 3582 testatus
923 3536 971 3581 me
993 3517 1135 3582 adhibitis
1158 3517 1264 3581 amicis
1283 3514 1395 3581 lruslra
1413 3514 1479 3581 loco
1495 3534 1514 3581 e
1530 3512 1675 3581 Lettierio

350 3623 482 3690 indicato
504 3624 669 3707 quaesisse.

348 3852 421 3911 907.
444 3847 583 3929 (=.553l·
606 3880 645 3891 -
667 3846 729 3909 Sub
751 3845 863 3932 oppido
885 3844 958 3909 Sola
980 3843 1125 3910 Padulam
1151 3840 1266 3947 versus.

893 4006 943 4073 ΑΓ
962 4035 970 4049 ·
989 4006 1120 4073 (teve

896 4107 1122 4175 l·l.t(trtttts

858 4213 895 4278 lll
913 4209 1156 4278 butten-o

389 4364 529 4447 Vulgnvit
551 4362 643 4425 Getta
665 4380 695 4445 p.
718 4362 758 4440 99
782 4359 992 4443 lrngmentum.
1015 4360 1174 4423 Terminus
1193 4357 1242 4421 bic
1261 4356 1401 4431 Salanus,
1420 4363 1450 4421 et
1466 4352 1671 4423 nontanenses

344 4469 400 4552 qni
420 4472 600 4551 sequnntur,
621 4466 773 4548 pertinent
794 4464 833 4527 ad
854 4482 961 4548 ngrum
984 4461 1139 4547 publicum
1157 4480 1176 4525 a
1196 4458 1360 4526 triumviris
1379 4456 1538 4523 limitatum
1553 4458 1669 4526 discre-
1725 4482 1730 4493 ·

349 4579 473 4656 tumque
496 4588 514 4633 a
537 4568 662 4653 privato.
