3650 5342
357 247 405 304 lat

344 371 413 432 tta.
435 401 478 418 -
499 369 533 433 lo
557 369 672 435 formae
695 376 847 436 testaceos
870 369 998 436 Faleriis
1019 371 1162 436 inventae
1184 373 1278 436 latere
1300 368 1443 444 sinistro,
1473 370 1557 433 onius
1578 389 1653 434 cava

488 489 559 556 pars
581 478 672 558 caput
693 471 785 537 habet
805 470 932 538 lunonis
955 472 1085 538 velatum
1100 481 1241 558 spectans
1256 473 1389 536 dextram
1406 490 1529 549 versus,
1546 469 1655 534 litteris

488 575 557 640 stilo
579 576 745 662 impressis.

445 789 476 859 Τ
490 809 497 825 ·
513 786 690 853 notatos
705 791 778 864 <he
910 747 919 765 Ι
954 780 1108 845 Delineavi
1123 778 1268 865 ¹edidiqne
1282 780 1402 842 intllss.
1415 778 1548 842 archeol.
1559 777 1617 841 vol.
1629 776 1650 853 l,

915 891 978 948 lav„
990 883 1053 958 llll,
1071 888 1097 958 t,
1115 884 1195 958 abo,
1211 902 1280 968 pag.
1296 887 1345 944 68,
1369 881 1438 960 Quo
1457 880 1650 963 praenomine
1778 871 1781 876 ’

340 985 427 1050 luerit
449 985 498 1051 hic
519 985 644 1064 Furius,
668 988 728 1051 Titi
752 995 789 1051 he
812 1006 849 1051 an
872 987 985 1064 Publii,
1015 986 1131 1054 deliniri
1157 1007 1218 1070 pon
1242 993 1350 1071 potest.

928 1210 1057 1266 strigiles.

284 1395 289 1402 '
340 1397 409 1458 tta.
434 1393 471 1479 (=
487 1395 591 1480 1556).
623 1393 710 1459 -ln
735 1363 893 1460 manubrio
918 1394 1044 1476 strigilis
1069 1392 1163 1458 musei
1187 1392 1388 1458 Kirelreriani.

356 1676 361 1685 ¹
442 1602 484 1669 t·
502 1599 698 1676 honorato
867 1597 1058 1664 Delineatum
1069 1595 1150 1662 edidi
1160 1598 1190 1660 in
1202 1596 1282 1662 Diss.
1292 1596 1522 1671 archeol.vol.l‚
1533 1597 1650 1670 lavill,

442 1783 446 1792 Ι
828 1705 875 1776 ld,
899 1722 928 1785 p.
949 1705 1021 1765 llll.
1046 1699 1080 1763 ln
1103 1719 1241 1764 museum
1263 1697 1386 1764 admissi
1409 1699 1598 1764 lletlelsenns
1620 1707 1651 1762 et

338 1803 554 1870 lllommsenins
576 1822 735 1889 perperam
757 1803 895 1887 legerunt
917 1809 1007 1887 alque
1031 1802 1206 1876 ediderunt,
1229 1801 1305 1867 aller
1328 1805 1554 1878 onolton,
1576 1802 1652 1865 alter

338 1910 610 1990 t·l'¹0lllttt03
634 1906 734 1971 ethic
757 1906 879 1991 quidem
903 1905 1002 1970 lassus
1020 1903 1191 1988 cognomini
1219 1910 1282 1976 ΜΟ
1306 1905 1405 1969 locum
1420 1907 1450 1969 in
1467 1911 1549 1969 tanta
1567 1911 1651 1968 vetu-

335 2015 412 2074 state
434 2029 502 2075 esse
523 2029 584 2074 non
607 2029 696 2094 posse
723 2011 850 2092 (mirum
874 2009 902 2073 ni
926 2008 953 2072 ei
978 2006 1170 2072 obversatum
1193 2014 1239 2071 est
1265 2005 1418 2086 βούλιμος,
1448 2026 1508 2090 quo
1531 2007 1650 2070 nomine

331 2109 442 2178 Graeci
465 2113 522 2176 vim
546 2111 707 2197 quamdam
730 2112 816 2176 lamis
838 2110 1013 2196 appellant,
1042 2129 1102 2173 non
1124 2109 1346 2186 tollerabilem,
1376 2128 1466 2194 quam
1489 2111 1519 2173 in
1541 2109 1649 2173 diebus

336 2213 540 2298 frigidissimis
564 2215 703 2280 accidere
725 2215 768 2278 ait
789 2214 1007 2289 Erasistratus,
1030 2211 1108 2276 Gell.
1131 2210 1213 2287 lllll,
1236 2212 1283 2293 3).
1305 2211 1338 2274 h.
1361 2210 1507 2278 Poulilius
1528 2219 1650 2276 reetea

271 2395 273 2402 Ι
334 2317 439 2383 Pontio
458 2318 618 2382 derivatur.
637 2317 780 2404 Exemplo
797 2318 857 2381 sint
871 2315 1026 2400 gentilicia
1041 2313 1208 2388 doliorum,
1224 2313 1441 2393 Rahbiliorum
1457 2314 1648 2389 Leriliorom,

334 2419 536 2497 llletiliornm,
566 2418 780 2496 Pobliliorum‚
810 2417 1066 2498 Quinctiliorum,
1095 2414 1297 2501 Spuriliornm
1328 2424 1580 2502 ceterorumque,
1610 2417 1649 2481 ab

334 2523 426 2603 htiis,
448 2523 590 2604 liabhiis,
615 2524 728 2602 beviis,=
752 2523 866 2598 bisatiis,
891 2518 1022 2597 Pobliis,
1045 2505 1214 2598 Quinctiis,
1230 2519 1369 2612 spuriis,
1392 2521 1605 2586 derivatomm.

334 2735 404 2796 att.
429 2766 468 2781 —
491 2731 621 2816 Strigilis
645 2730 808 2797 Praeneste
831 2734 966 2817 reperta:
991 2747 1070 2793 nunc
1092 2729 1123 2791 in
1147 2725 1331 2793 bibliotheca
1351 2726 1591 2792 Barberinorum.

368 2967 372 2974 ·
441 2943 675 3018 tortilltlttlt
854 2935 1046 3002 Delineatam
1062 2936 1143 3000 edidi
1158 2936 1215 2999 loc.
1227 2932 1276 2998 cit.
1290 2955 1317 2998 n.
1334 2939 1382 2998 lb.
1394 2933 1547 2999 inversam
1563 2951 1648 2998 resu-

814 3041 978 3125 pinamqne
993 3029 1087 3106 edidit
1101 3037 1301 3104 Detlelsenns.
1319 3035 1397 3100 Vide
1411 3036 1536 3123 Ephem
1551 3036 1647 3101 instit,

331 3145 449 3211 boruss.
472 3154 501 3210 et
523 3145 600 3210 Diss.
623 3163 708 3209 meas
732 3142 882 3208 archaeol.
900 3143 1034 3208 Similem
1049 3141 1120 3206 olim
1137 3140 1198 3206 ridi
1216 3140 1296 3225 apud
1312 3139 1509 3204 Paltorellum
1524 3138 1647 3222 Capuae

329 3249 373 3312 sic
395 3247 572 3332 inscriptam
598 3252 873 3319 l.·lll.lll.l.llT0l.
896 3245 964 3324 Quo
987 3246 1016 3309 in
1040 3243 1127 3310 titulo
1151 3242 1421 3328 nominaprolecto
1436 3249 1508 3308 snnt
1522 3239 1646 3307 arhficis

204 3341 208 3348 ’
331 3351 526 3434 quaerenda,
556 3351 588 3415 L.
612 3350 701 3426 Ulnl,
724 3356 866 3417 monente
890 3345 1004 3435 duplici
1030 3355 1053 3418 l,
1076 3367 1113 3412 ne
1137 3348 1328 3411 continuetur
1348 3344 1445 3409 Lutoi.
1478 3344 1566 3422 Quae
1587 3362 1645 3407 vox
1772 3369 1778 3384 =

329 3452 415 3518 Lntol
438 3453 564 3519 tortasse
586 3473 641 3540 pro
664 3452 769 3519 Lutois
788 3473 825 3517 ex
843 3470 954 3536 graeco
978 3451 1106 3522 Λυττόεις
1128 3457 1193 3516 orto
1217 3449 1378 3527 a'hoxrtr,
1402 3450 1506 3518 horris
1527 3452 1560 3510 ut
1581 3446 1643 3506 llo-

329 3553 402 3646 Eiecq
423 3577 441 3621 a
463 3557 570 3639 [logis.

206 3747 207 3752 κ
331 3713 400 3772 bib.
423 3747 463 3757 -
486 3708 617 3793 Strigilis
639 3710 806 3775 Praeneste
830 3707 952 3773 ellossa:
978 3673 1109 3773 nnne'in
1133 3705 1320 3770 bibliotheca
1342 3677 1570 3769 barberiniano.
1660 3798 1664 3807 Ι

437 3871 581 3938 latona
753 3864 841 3929 Edidi
866 3864 1045 3929 delineatam
1068 3865 1098 3928 in
1116 3862 1196 3926 Dias.
1213 3861 1295 3927 arch.
1313 3869 1371 3925 tav.
1388 3811 1443 3934 hl,
1461 3865 1508 3924 l3.
1533 3858 1642 3924 bellel-

553 3989 564 4000 ·
712 3985 986 4054 senus'perperam
1008 3969 1122 4050 legerat
1147 3969 1307 4038 ilehlll.
1342 3963 1441 4028 Facile
1464 3983 1572 4027 nomen
1595 3967 1643 4024 est
1749 4034 1754 4042 .

327 4071 404 4138 labri
425 4073 543 4138 aerarii.
567 4093 582 4135 o
605 4072 722 4138 mediae
746 4080 792 4136 est
814 4072 938 4137 lormae.

330 4230 399 4291 bib.
423 4262 463 4275 -
484 4223 618 4308 strigilis
641 4226 802 4292 Praeneste
826 4225 952 4289 ellossa:
976 4243 1055 4288 nnnc
1077 4225 1106 4285 in
1131 4221 1315 4287 bibliotheca
1337 4219 1561 4285 Barberiniana.

408 4371 412 4388 '
433 4384 482 4452 )ll
499 4407 506 4424 ·
521 4385 579 4452 ΛΜ
751 4377 839 4442 Edidi
856 4379 912 4442 loc.
929 4378 976 4441 eil.
993 4383 1050 4440 tan.
1064 4375 1106 4438 ill
1123 4396 1149 4440 o.
1169 4361 1216 4440 tl.
1235 4375 1314 4474 Male
1332 4374 1523 4439 llatleisenus
1541 4380 1640 4438 estre-

325 4477 328 4484 ’
709 4500 785 4545 mam
808 4479 938 4544 litteram
962 4477 1070 4544 omisit.
1095 4477 1196 4543 Lectio
1219 4485 1265 4541 est
1286 4478 1397 4543 Navios
1421 4476 1548 4550 heilios,
1570 4495 1637 4539 nam

327 4583 414 4649 hcilii
439 4585 600 4650 Praeneste
625 4585 685 4649 noti
708 4590 792 4660 sunt,
816 4583 880 4648 sive
904 4581 1014 4647 Navios
1036 4582 1127 4646 dcios
1150 4600 1204 4666 pro
1226 4582 1346 4645 decios.
