3650 5342
422 1665 428 1672 Ι
476 1452 1080 1592 PRAEFATIO

653 1827 905 1836 -ι-ω-ι-ι

146 2318 248 2398 Olim
263 2345 351 2398 cum
370 2318 416 2398 de
434 2317 720 2422 palaeographia
735 2328 773 2396 et
786 2317 1055 2424 orthographia
1074 2330 1243 2398 veterum
1262 2318 1466 2400 latinorum

97 2437 135 2516 in
161 2436 367 2520 Academia
392 2462 550 2516 romana
575 2437 761 2540 quaedam
790 2437 830 2516 in
857 2435 1055 2517 Ritschelii
1088 2463 1253 2516 canones
1280 2439 1328 2517 de
1355 2465 1400 2517 ea
1426 2465 1467 2517 re

95 2584 215 2658 nuper
241 2555 362 2636 editos
387 2556 663 2652 disseruissem,
691 2555 1076 2659 comprobassentque
1103 2555 1169 2658 qui
1197 2557 1356 2636 aderant
1373 2557 1467 2638 socii

96 2673 319 2774 doctissimi,
347 2703 479 2756 eorum
506 2675 699 2755 voluntate
726 2687 764 2754 et
790 2674 970 2780 suffragio
998 2675 1139 2755 lactum
1163 2686 1231 2771 est,
1251 2688 1293 2755 ut
1312 2675 1360 2756 de
1378 2703 1470 2755 con·

95 2794 263 2874 finienda
295 2794 447 2900 Sylloge
480 2793 767 2898 inscriptionum
803 2794 1028 2899 cogitarem,
1064 2821 1178 2896 quam
1214 2794 1470 2900 grammaticis

94 2913 320 2994 instructam
340 2912 616 3019 prolegomenis
634 2913 786 2994 ederem
808 2914 846 2992 in
868 2911 994 2993 lucem
1013 2914 1054 2996 in
1073 2941 1204 2994 eorum
1221 2913 1468 2994 commodum

93 3033 317 3138 praesertim
352 3032 416 3136 qui
450 3032 633 3113 librorum
666 3032 890 3113 idoneorum
919 3034 1045 3138 inopia
1073 3033 1209 3116 abhis
1242 3033 1378 3114 studiis
1405 3062 1468 3114 ar·

94 3151 293 3232 cebantur.
659 3167 663 3178 '

147 3272 280 3374 Itaque
306 3272 337 3351 si
363 3271 428 3375 qui
454 3283 566 3352 arunt
581 3271 646 3375 qui
664 3272 738 3353 hoc
754 3299 866 3376 opere
886 3273 943 3354 uti
961 3273 1101 3370 volent,
1120 3300 1184 3354 eos
1202 3272 1298 3354 scire
1317 3299 1470 3354 necesse

95 3402 154 3470 est
173 3389 331 3470 latinam
349 3417 430 3470 rem
450 3390 727 3497 epigraphicam
746 3391 861 3472 modo
880 3391 921 3473 in
940 3392 1034 3474 duas
1051 3403 1175 3495 partes
1195 3419 1278 3472 esse
1297 3391 1470 3487 divisam,

95 3537 260 3613 quarum
288 3508 403 3590 altera
430 3537 474 3590 ea
500 3522 668 3613 tempora
693 3510 968 3615 complectitur,
989 3539 1086 3616 quae
1105 3523 1194 3594 sunt
1212 3511 1266 3592 rei
1285 3511 1473 3614 publicae,

95 3628 217 3709 altera
242 3654 338 3731 quae
364 3627 531 3734 imperii:
559 3629 623 3709 hic
648 3657 736 3710 vero
764 3657 834 3736 ego
860 3629 1022 3733 primam
1046 3630 1270 3712 tradendam
1290 3629 1471 3733 suspicio;

95 3747 257 3828 alteram
284 3745 379 3828 alius
406 3747 577 3851 pluresve
603 3747 806 3852 aliquando
833 3749 1062 3830 tractabunt.

147 3865 422 3972 Prolegomena
448 3869 704 3972 grammatica,
732 3896 895 3972 quorum
923 3895 1035 3949 causa
1063 3895 1157 3973 opus
1175 3867 1324 3969 suscepi
1343 3867 1472 3948 statim

96 3984 208 4065 initio
236 3983 383 4066 addidi:
410 3996 448 4066 et
473 3985 654 4090 quoniam
680 3986 945 4090 inscriptiones
964 3986 1171 4068 nonnullae
1196 3985 1472 4089 antiquissimis

95 4102 270 4184 versibus
302 4103 479 4188 saturniis
513 4114 706 4203 constant,
736 4105 897 4188 disserui
929 4106 976 4186 de
1010 4104 1176 4210 legibus,
1203 4105 1342 4210 quihus
1379 4103 1471 4185 olim
1527 4178 1529 4181 ,

95 4221 1547 4331 mmmmmfflmmwffimmmfflmmm'

96 4351 383 4444 properaturum
411 4353 543 4424 natura
569 4354 607 4422 et
633 4341 764 4424 formis
792 4344 907 4425 etiam
927 4343 1166 4425 tractandum
1187 4341 1347 4446 suscepi,
1365 4367 1474 4445 prop-

96 4471 205 4540 terea
244 4458 331 4562 quia
368 4461 631 4567 inscriptiones
670 4463 885 4546 afferendae
929 4463 1119 4567 quasdam
1163 4473 1272 4542 erant
1316 4459 1471 4566 graphio

96 4577 260 4682 scriptae
295 4577 503 4686 litterisque
533 4581 615 4664 eius
648 4581 798 4688 generis
825 4608 919 4687 quas
945 4588 1127 4662 nursicus
1154 4581 1265 4688 vulgo
1300 4578 1476 4662 dicimus.
1580 4659 1584 4670 ,

1055 4759 1269 4857 ‚toti-te}
