3650 5342
344 307 396 404 'ld¹

371 431 542 514 Singularis
558 438 604 496 est
620 434 716 497 torma
732 440 761 496 et
778 431 862 496 varia
878 432 996 496 litterae
1015 438 1047 503 Θ
1068 438 1097 502 Θ
1119 437 1151 502 ω
1170 451 1248 515 quae
1264 431 1394 496 hahetur
1408 451 1427 495 a
1443 431 1540 495 doctis
1557 448 1611 516 pro
1627 433 1658 493 th

370 555 407 599 ex
429 532 617 600 Graecorum
641 533 820 619 alphabeto:
845 541 875 599 at
897 535 1069 599 litteratura
1092 554 1150 598 uon
1175 541 1221 598 est
1243 535 1310 598 eius
1333 536 1440 597 aetatis
1457 553 1517 619 qua
1532 551 1660 615 usurpa·

372 636 462 701 hatur
484 656 501 700 a
524 636 643 718 graecis
666 645 677 696 t
700 637 869 701 decussatis
893 636 982 699 lineis
1007 639 1154 701 introrsus
1184 639 1351 710 instructa,
1375 655 1441 701 cum
1466 635 1555 720 plene
1578 641 1662 699 esset

369 737 498 824 scripta,
523 759 578 804 neo
599 739 737 824 reliquae
759 739 877 803 litterae
901 758 971 803 cum
994 739 1101 802 litteris
1125 740 1258 822 graecis,
1284 757 1386 804 rerum
1410 759 1477 804 oum
1497 737 1536 802 iis
1550 756 1660 802 conve-

372 843 458 906 niunt
481 841 593 926 quihus
617 840 772 906 Larinates
788 849 925 906 utuntur.
948 841 1051 919 Quare
1066 848 1140 926 puto
1155 843 1199 905 sic
1215 842 1253 906 ah
1271 840 1436 927 Hyriatinis
1450 842 1534 926 pingi
1550 846 1661 924 coepta

371 949 404 1016 0
420 951 453 1008 ut
467 944 506 1007 ah
524 943 689 1028 Hyriatinis
704 945 861 1027 campanis
879 943 978 1007 littora
994 950 1018 1013 Υ
1034 945 1083 1008 cui
1100 943 1214 1008 lineam
1229 944 1348 1009 addunt
1362 943 1394 1007 in
1410 944 1513 1007 media
1527 944 1613 1008 turca
1630 948 1660 1013 Ψ

371 1066 426 1133 pro
448 1054 576 1132 puncto,
600 1065 660 1131 quo
683 1047 773 1110 etiam
798 1047 953 1110 instruunt
981 1053 1025 1117 Υε
1048 1045 1190 1110 nimirum
1213 1066 1288 1112 casu
1310 1045 1344 1110 ht
1361 1053 1393 1110 ut
1411 1054 1443 1118 0
1462 1047 1588 1110 lormam
1607 1065 1660 1109 ac-

372 1148 465 1236 cipiat
487 1155 519 1220 Θ
544 1168 605 1233 qua
627 1149 737 1212 Graeci
761 1147 963 1233 antiquissimi
988 1156 1113 1214 utuntur
1134 1169 1188 1233 pro
1211 1152 1261 1223 th,
1285 1158 1315 1213 at
1338 1156 1362 1221 Υ
1384 1152 1429 1214 sic
1451 1151 1592 1232 pingatur
1613 1155 1659 1222 Ψ,

370 1271 433 1336 qua
454 1251 553 1333 figura
575 1252 683 1316 Graeci
707 1251 822 1316 achaici
843 1272 878 1333 pe
899 1250 1009 1336 reliqui
1033 1250 1095 1314 lere
1118 1254 1152 1313 eti
1174 1250 1274 1316 solent
1295 1252 1439 1317 scrihere.
1474 1251 1540 1316 Erit
1567 1252 1660 1332 igitur

371 1353 532 1436 legendum
559 1354 649 1431 lrnoi,
672 1354 779 1428 drmit,
802 1355 899 1417 lrnod.
922 1352 1055 1419 Omnino
1079 1355 1254 1419 cortlerendi
1273 1362 1345 1420 sunl
1361 1357 1473 1420 nummi
1489 1352 1659 1419 Obulconis

372 1459 464 1522 latino
493 1455 632 1540 inscripti
659 1456 709 1521 uhi
739 1457 784 1520 sic
814 1457 949 1541 pingitur
977 1463 1153 1529 OBVLOE
1185 1465 1216 1522 ut
1243 1465 1275 1530 0
1305 1477 1447 1540 graecum
1470 1461 1503 1530 Θ
1524 1455 1659 1520 imitetur

240 1557 245 1573 '
373 1558 515 1643 (horich,
530 1558 722 1624 Recherchos
739 1579 821 1625 num.
839 1567 1025 1624 concernunt
1039 1560 1084 1625 los
1101 1559 1259 1625 medailles
1274 1559 1529 1634 Celtiberiennes,
1547 1562 1597 1637 57,
1613 1560 1659 1641 l).

371 1662 473 1746 lpsum
503 1661 646 1746 oppidum
676 1663 776 1724 tritum
806 1661 862 1726 hac
892 1660 1025 1727 dialecto
1057 1662 1207 1727 Frentana
1234 1661 1402 1728 invenimus
1431 1663 1563 1737 dictum,
1587 1671 1658 1727 ata

301 1845 304 1852 Ι
374 1763 500 1828 Graecis
523 1769 670 1838 ΥΡΙΟΝ,
695 1771 772 1828 toste
796 1762 957 1828 Strabone.

920 2001 1004 2074 dAP.
1034 1997 1075 2071 Χ.

719 2225 722 2234 ·
773 2193 879 2242 Nummi
899 2194 927 2240 lu
945 2197 1042 2248 anmi·
1059 2194 1132 2246 ml.
1150 2194 1219 2242 cusi·

334 2381 383 2441 ll.
406 2377 543 2462 (2505.)
566 2376 600 2460 a)
624 2350 774 2481 ΤΙΑΙΠ,
800 2383 825 2448 Α
851 2379 880 2440 in
904 2376 1039 2462 postica,
1062 2378 1110 2441 vet
1130 2383 1241 2448 ΤΙΑΤΙ
1258 2379 1287 2442 in
1305 2378 1438 2462 postica,
1455 2383 1480 2448 Α
1498 2379 1527 2440 in
1544 2378 1653 2441 antica.

500 2479 598 2564 Caput
620 2479 766 2544 muliebre
790 2479 1004 2544 diadematum

478 2583 621 2678 [luvanis
645 2584 743 2648 nudus
765 2583 956 2648 diadematus
979 2603 1059 2668 cquo
1082 2584 1236 2663 insidens,
1260 2591 1291 2649 et
1312 2603 1456 2649 coronam
1480 2587 1655 2669 imponens:

542 2685 622 2750 inlra
644 2683 778 2770 delphin.

457 2786 577 2854 Nummi
600 2789 660 2853 duo
683 2790 820 2872 argentei
844 2790 981 2855 alhurab
1004 2788 1154 2855 Avellinio
1177 2790 1276 2855 aditus
1300 2791 1434 2876 lOpusc.
1458 2790 1508 2866 ll,
1534 2795 1573 2865 l,
1594 2791 1658 2874 θ),

372 2891 449 2957 altor
470 2911 489 2956 a
509 2891 689 2972 hlinerrinio
713 2891 806 2977 (Bull.
827 2911 895 2978 nap.
914 2891 965 2969 tt,
987 2899 1015 2970 t,
1035 2895 1080 2976 6).
1104 2893 1239 2958 Tertium
1262 2895 1325 2958 vidi
1347 2894 1377 2956 in
1402 2913 1507 2965 musco
1529 2892 1659 2958 Santau·

373 2994 491 3078 galiano
514 2995 543 3088 in
566 3015 626 3082 quo
648 2994 766 3078 integra
788 2994 954 3080 epigraphe
976 3002 1087 3067 ΤΙΑΤΙ
1111 3017 1130 3061 a
1152 3006 1238 3082 tergo
1261 2997 1382 3080 equitis.

418 3098 450 3181 h)
475 3098 610 3182 (ΤΙ)ΑΤΙ
635 3099 664 3162 in
688 3096 814 3182 postica.

500 3199 599 3287 Caput
621 3201 698 3265 deae
721 3200 882 3282 galeatum.

495 3300 648 3368 ¹llarculcs
670 3311 754 3367 stans
777 3304 893 3369 leonem
916 3303 1057 3380 suffocat,
1082 3323 1161 3390 pone
1184 3304 1280 3370 clava.

456 3405 489 3468 ln
513 3424 618 3470 museo
642 3404 876 3488 Santangeliano
899 3425 936 3470 ex
959 3415 1103 3487 argento,
1127 3406 1241 3471 libella.

417 3509 447 3591 c)
472 3514 581 3580 ΤΙΑΤΙ
606 3507 636 3571 in
660 3508 785 3593 postica.

499 3608 599 3696 Caput
622 3611 768 3677 muliebre
791 3611 933 3676 relatum.

498 3711 609 3798 Aquila
631 3713 738 3783 rolaos
761 3714 799 3778 ad
818 3715 984 3779 'dextoram

457 3815 491 3878 lu
514 3834 619 3881 museo
643 3815 795 3882 Parmensi
819 3836 957 3881 nummus
980 3835 1099 3883 aereus.

412 3918 447 4000 d]
470 3923 580 3989 ΤΙΑΤΙ
605 3918 634 3982 in
660 3919 787 4002 postica.

498 4019 596 4106 Caput
617 4021 693 4086 deae
716 4021 805 4105 galea
827 4020 921 4086 attica
942 4029 1065 4089 tectum.

499 4123 617 4190 Noctua
635 4143 718 4208 pana
740 4124 871 4190 advorsa
892 4131 985 4190 stans.

455 4223 520 4290 Vidi
544 4225 573 4289 in
597 4245 702 4291 musco
725 4225 916 4302 Monaesum,
940 4235 1047 4311 estque
1071 4229 1101 4291 in
1124 4227 1378 4308 Santangeliano,
1397 4234 1429 4291 at
1446 4245 1530 4290 meo:
1549 4229 1580 4291 io
1600 4226 1660 4291 Pa·
1770 4231 1774 4238 '

373 4329 466 4396 tisino
489 4334 558 4399 tta
585 4335 698 4393 tautum
721 4327 803 4393 clare
827 4329 944 4410 legitur.
967 4329 1221 4394 Friedlaenderus
1240 4329 1323 4395 dedit
1346 4336 1460 4402 ΤΙΑΤ,
1484 4329 1660 4395 confirmat·

372 4451 432 4516 que
454 4431 583 4495 ultorum
607 4430 779 4514 exemplum
803 4431 885 4514 qnod
909 4440 957 4498 cst
978 4432 1059 4517 apud
1082 4453 1140 4497 me.

414 4535 446 4616 e)
471 4538 582 4605 ΙΤΑΙΤ
606 4535 635 4598 in
659 4533 792 4619 postica,
817 4541 944 4610 ιΑΙ>ΙΑ4
970 4542 1074 4616 ΙΑῦιε
1100 4538 1130 4600 in
1154 4535 1266 4602 antica.

436 4687 441 4696 .
500 4635 638 4702 Protome
661 4639 733 4722 equi
758 4639 896 4704 lraanati.
