3650 5342
656 367 816 474 1Pllts
861 369 920 474 tl.

462 587 578 656 QUAE
613 587 691 641 EST
725 587 1130 644 Oll‘l'lloGllelllCA.

651 925 654 930 ’
727 962 813 1037 nne.
843 962 867 1036 1.

560 1133 594 1177 tte
612 1132 821 1178 eonwnanttnnr
839 1130 1047 1186 nuntiatione:
1172 1177 1176 1181 .

175 1264 312 1350 Exposui
336 1266 375 1330 de
397 1267 564 1352 priscorum
587 1267 748 1333 latinorum
770 1268 956 1348 litteratura,
978 1273 1073 1354 utque
1094 1266 1238 1344 arbitror,
1265 1268 1354 1348 satis3
1377 1285 1458 1334 nuno

135 1386 260 1434 neeesse
284 1377 332 1433 est
353 1369 518 1452 aggrediar
539 1371 577 1435 de
600 1368 816 1456 orthographia
836 1370 957 1449 disere,
983 1378 1015 1435 et
1042 1369 1199 1455 primodo
1227 1371 1457 1435 consonantium

135 1471 353 1552 geminatione3
371 1491 439 1537 nam
458 1492 517 1539 non
537 1469 713 1556 geminandi
727 1485 792 1538 mos
808 1473 864 1538 luit
885 1471 1157 1540 vetustissimorum
1180 1472 1367 1537 Latinorum.
1379 1471 1458 1536 Con·

134 1575 327 1638 suetudinem
354 1575 521 1642 mutavisse
550 1577 645 1640 fertur
674 1576 790 1642 Ennius
813 1583 938 1662 utpote
960 1595 1089 1661 granam
1117 1594 1229 1658 graeco
1255 1575 1323 1640 eins
1349 1575 1458 1640 sentis

134 1695 214 1740 more
237 1697 314 1742 usus
336 1677 460 1760 (Festus
482 1700 511 1764 p.
535 1680 627 1762 293);
648 1679 704 1743 sed
727 1687 830 1744 eatam
856 1680 998 1764 exempla
1023 1679 1185 1744 summota.
1211 1677 1250 1742 lit
1271 1675 1458 1742 ltitsebelius

134 1779 257 1860 quidem
279 1779 517 1864 geminationem
539 1781 737 1866 repetendam
759 1780 889 1847 affirmat
911 1781 982 1860 aQ.
1001 1781 1089 1846 Ennii
1111 1782 1292 1846 auctoritate
1310 1787 1340 1844 et
1355 1797 1459 1844 exem·

135 1881 181 1964 plo
204 1880 250 1964 [in
274 1884 319 1948 tit.
343 1903 463 1948 murum.
487 1904 515 1969 p.
539 1882 606 1968 lV);
629 1890 700 1950 ante
723 1904 791 1949 enar
824 1904 883 1948 non
911 1903 980 1950 esse
1014 1885 1219 1966 geminatum,
1240 1901 1303 1948 uuo
1334 1888 1389 1947 aut
1409 1881 1458 1946 al·

135 1989 197 2048 tero
218 1985 360 2070 exemplo
382 1991 509 2070 excepto
533 1987 576 2068 (in
599 1987 643 2050 tit.
665 1986 785 2051 aletrin.
807 2007 837 2072 p.
862 1987 903 2069 t).
925 1985 1131 2051 Allitsobelio
1145 1985 1236 2067 longe
1253 2001 1314 2050 non
1329 1983 1459 2054 dissedit

134 2086 279 2154 ttulimus
304 2086 358 2170 (ad
380 2087 503 2154 Festum
526 2109 555 2174 p.
579 2095 607 2163 6,
630 2109 659 2155 v.
681 2091 792 2174 auus),
814 2090 867 2174 qui
889 2087 1061 2154 ooatirmari
1074 2089 1117 2154 ait
1131 2108 1150 2155 a
1165 2087 1262 2152 titulis
1278 2087 1459 2170 geminabo·

134 2207 200 2254 nem
223 2191 412 2276 liquidarum
435 2199 466 2256 et
487 2192 637 2256 sibilantis
659 2198 729 2278 post
751 2190 881 2258 medium
905 2198 1023 2258 sertum
1045 2191 1202 2257 saeculum
1226 2191 1367 2276 usurpari
1389 2207 1459 2256 essa

133 2299 288 2378 coeptam,
317 2292 372 2358 sed
400 2294 443 2358 ita
464 2303 498 2358 nt
524 2294 615 2360 etiam
643 2294 797 2379 simplices
826 2313 881 2379 pro
910 2292 1073 2378 geminatis
1099 2294 1137 2359 ad
1167 2292 1327 2377 septimam
1360 2309 1459 2377 nsque

133 2394 286 2462 saeonlurn
314 2397 446 2461 medinm
469 2416 527 2461 nou
552 2415 620 2462 raro
642 2403 840 2482 ponerentur,
861 2404 895 2461 ut
915 2397 947 2461 io
969 2396 1037 2481 lege
1063 2395 1194 2462 Servilia
1219 2397 1304 2459 odeas
1329 2394 1457 2459 mab.

135 2495 282 2583 Exempla
303 2518 383 2583 quae
405 2499 568 2568 llitsobelin
595 2499 836 2565 obversabantur
857 2499 957 2578 luere,
985 2505 1018 2564 nt
1043 2497 1194 2576 arbitror,
1225 2501 1389 2570 ΗΙΝΝΑΒ
1419 2495 1458 2561 de

133 2619 193 2682 quo
214 2609 306 2666 autea
327 2601 501 2676 dubitabat,
524 2604 570 2668 vel
599 2601 699 2686 potius
725 2602 808 2668 baud
834 2600 951 2667 sciebat
975 2621 1014 2667 an
1042 2621 1102 2668 non
1129 2603 1205 2666 satis
1231 2599 1303 2665 litlai
1330 2598 1459 2690 baberet

133 2704 175 2782 (in
201 2703 245 2770 tit.
268 2723 392 2768 murum.
416 2705 434 2770 l.
458 2707 519 2788 a),
543 2711 573 2769 et
596 2705 671 2770 torte
699 2710 803 2778 ςεΡΡΙ
833 2705 862 2768 in
886 2702 1064 2788 isoriptiooe
1085 2703 1152 2781 illa,
1175 2722 1267 2789 qum
1287 2702 1457 2769 mirabilem

132 2813 230 2884 ronst,
252 2825 308 2892 pro
333 2807 412 2870 Sibai
437 2807 595 2893 scriptum.
622 2806 732 2880 Verum
768 2806 846 2872 bauo
879 2805 1108 2892 inseriptionem
1135 2807 1305 2874 litteratura
1332 2804 1457 2890 quidem

132 2907 237 2984 tatius,
260 2910 316 2974 sed
338 2910 444 2992 lingua
474 2908 598 2994 peligno
627 2917 805 2994 conceptam
838 2907 930 2974 bodie
962 2907 1076 2974 scimus
1103 2916 1134 2974 et
1159 2909 1266 2973 merito
1297 2906 1460 2972 reiecimns

132 3029 301 3096 aoorpore
324 3013 553 3096 inscriptionum
577 3011 745 3077 latinarum.
769 3009 874 3076 llestat
902 3009 997 3094 igitur
1024 3011 1076 3076 illa
1101 3029 1159 3077 vox
1190 3014 1457 3094 nonnunqum

131 3114 385 3179 consuetudinem
407 3112 574 3180 Ennianum
597 3113 761 3191 antecedit,
775 3133 844 3178 oum
859 3112 965 3179 titulus
980 3111 1098 3198 positos
1112 3115 1153 3178 sit
1167 3131 1197 3178 a.
1207 3133 1238 3177 u.
1251 3130 1279 3178 o.
1292 3115 1364 3178 sto.
1377 3109 1457 3178 linio

134 3222 284 3290 ΑΡΡΙΟς
306 3217 408 3282 addidi
433 3219 581 3301 nuperis
604 3217 674 3282 diss.
699 3217 753 3282 snt
774 3219 876 3282 oomni
899 3217 1097 3289 libromtiosi,
1124 3233 1250 3280 monens
1279 3233 1337 3280 uon
1359 3233 1396 3280 er
1418 3213 1457 3278 iis

132 3320 239 3406 ltppiis
261 3339 341 3394 esse,
363 3321 416 3405 qui
440 3320 565 3384 saeculo
587 3318 781 3405 quintorum
804 3320 1013 3402 magistratum
1036 3325 1208 3402 gesseruut,
1231 3317 1312 3402 quod
1335 3319 1456 3400 incogi-

133 3429 233 3487 tanter
253 3423 471 3488 blommsenins
492 3423 607 3495 statuit,
630 3421 685 3487 sad
709 3440 779 3487 eum
802 3441 871 3486 esse
893 3421 1059 3487 arbitratus
1076 3422 1128 3507 qui
1146 3439 1256 3486 nomen
1272 3439 1360 3486 snum
1373 3420 1457 3484 lastis

132 3525 295 3610 adscripsit
317 3544 344 3588 a
368 3546 397 3590 n.
420 3543 445 3588 o.
469 3528 544 3588 ota:
569 3543 636 3590 nam
659 3522 784 3590 ulterius
806 3523 931 3588 differre
954 3543 1013 3590 non
1036 3521 1161 3609 expedit
1182 3528 1306 3609 propter
1327 3523 1456 3588 nominis

133 3629 162 3690 iu
185 3649 217 3690 os
240 3629 376 3694 lormam.
397 3626 464 3692 lloe
485 3626 608 3692 saeculo
630 3633 716 3692 serto
739 3626 838 3692 medio
867 3625 1024 3711 antiquior
1051 3625 1124 3690 mibi
1146 3627 1195 3693 vel
1217 3645 1312 3712 prope
1333 3644 1390 3709 par
1410 3632 1457 3690 est

131 3727 243 3794 lamina
274 3749 374 3795 aenea
400 3729 507 3794 falisca
532 3729 672 3814 utrinque
699 3728 830 3813 scripta,
853 3726 943 3794 ouius
964 3748 1021 3812 ego
1043 3728 1240 3814 posteriorem
1273 3729 1454 3812 seriptmanr

131 3851 200 3896 oum
222 3850 319 3918 nuper
340 3831 550 3917 explanassem
575 3829 704 3906 ostendi,
719 3849 785 3896 eam
802 3838 870 3896 ante
885 3829 1018 3896 medium
1040 3831 1198 3897 saeculnm
1219 3839 1339 3898 sertum
1361 3830 1455 3896 luisse

132 3940 301 4012 exaratam,
324 3933 473 4017 probabili
502 3934 618 3998 rationo
640 3942 723 4018 puto.
746 3931 888 3998 buterior
913 3934 1017 4018 itaque
1041 3932 1180 3998 versibus
1205 3933 1356 3998 Saturniis
1377 3951 1456 3998 oon·

132 4037 243 4120 scripta
264 4039 294 4100 iu
319 4054 392 4102 vooe
420 4041 597 4109 SVMMElS
625 4037 744 4100 tertium
767 4035 895 4120 praebet
921 4035 1108 4120 exemplum
1132 4054 1231 4119 neque
1252 4034 1359 4102 dubito
1379 4035 1454 4120 quin

131 4145 213 4202 recte
235 4138 283 4204 bis
301 4139 371 4204 addi
391 4137 487 4224 possit
509 4138 612 4202 titulus
634 4136 847 4224 praenestinus
871 4141 1321 4214 Τικκ1·(κΑΒΗ·ΤΙΙὶ·Ρ,
1345 4138 1374 4201 in
1393 4156 1455 4222 qno

130 4239 267 4306 litterar
290 4243 445 4326 geminata
472 4241 590 4307 litterae
616 4247 764 4318 puontae
787 4239 961 4306 consociata
982 4245 1045 4320 est,
1072 4244 1165 4326 atque
1186 4245 1314 4305 sentem
1337 4237 1453 4303 linuia·

130 4363 199 4408 nam
224 4350 258 4410 ut
284 4341 472 4431 praenestini
501 4344 615 4409 similes
647 4344 786 4430 plerique
809 4363 914 4408 omnes
946 4342 1109 4426 antecedit.
1131 4343 1249 4428 lnoepit
1270 4339 1364 4426 igitur
1384 4361 1454 4409 esse

130 4445 180 4512 bio
201 4467 267 4512 mos
289 4453 360 4512 aute
384 4447 522 4526 Ennium,
544 4463 646 4513 verum
671 4444 701 4510 in
725 4445 976 4521 consuetudinem
999 4444 1109 4510 deiude
1128 4443 1204 4511 abiit
1219 4444 1271 4510 din
1285 4453 1356 4530 post
1365 4443 1453 4513 Ennii

128 4556 262 4616 mortem.
280 4548 366 4616 lianc
382 4567 400 4614 a
417 4569 463 4614 ms
481 4549 594 4615 dudum
613 4549 797 4636 propositam
820 4549 1001 4614 seutemiam
1024 4547 1212 4615 confirmavit
1229 4547 1343 4615 tabella
1353 4567 1454 4616 mnas
