3650 5342
1399 292 1450 350 tte

139 415 229 475 toti.
252 411 405 495 (=t230‚
420 410 515 490 Lxx,
530 430 547 478 o
561 413 581 496 i.
605 447 645 460 -
669 412 805 488 neelami,
828 411 922 479 hodie
943 414 1065 488 Grotte,
1083 413 1154 480 iudo
1177 412 1336 499 Neapolim
1354 411 1462 492 allata,

305 513 387 580 unde
411 512 582 581 teudinum
604 514 794 600 immigravit

306 655 593 738 eputamus
610 685 618 703 ·
636 658 658 724 c
675 687 682 701 ·
702 659 721 724 e
738 689 746 703 ·
763 657 871 726 unte
891 687 899 702 ·
918 656 1094 746 naraon
1121 656 1275 728 nunu

310 758 1273 840 nt·nnner·ontu·r·suuus·n·parentius-or

374 860 1274 930 ror-uu·us-soonrns-runnersonornos

368 963 666 1046 rvnuetsoue
690 995 697 1008 ·
720 963 890 1047 naeuos
915 999 923 1016 ·
949 967 1059 1047 Qum
1085 995 1091 1008 ·
1116 964 1272 1032 onorio

201 1085 324 1145 nonna.)
372 1065 1155 1136 secuturum-corentinum

176 1210 243 1277 vidi
267 1211 395 1297 Neapoli
419 1214 501 1299 apud
525 1214 744 1298 negotiatorem
763 1216 978 1299 antiquarium.
1002 1216 1172 1280 Aeclanum
1195 1214 1251 1279 init
1272 1213 1330 1278 hae
1362 1217 1461 1278 aetate

136 1316 166 1379 iu
190 1312 346 1400 municipii
368 1316 418 1382 ius
441 1318 580 1393 relatum,
604 1317 772 1402 habuitque
794 1337 832 1383 ea
854 1318 892 1383 de
916 1336 1011 1385 causa
1032 1337 1089 1404 pro
1123 1314 1353 1400 magistratibus
1384 1332 1464 1399 qua-

135 1418 285 1483 tuorviros
308 1423 339 1482 et
361 1426 511 1484 sonatum.
534 1422 649 1485 Auctor
671 1420 750 1486 rituti
773 1427 957 1486 vetustatem
980 1418 1132 1488 affectavit
1154 1419 1254 1506 posito
1277 1419 1306 1482 oi
1335 1436 1391 1504 pro
1423 1436 1464 1482 oe.

135 1518 321 1585 Ritsehelius
343 1520 383 1587 ad
405 1529 546 1608 tempora
566 1521 639 1590 beili
661 1522 784 1588 marsici
807 1542 866 1589 nou
888 1525 1041 1590 immerito
1064 1523 1206 1590 retulisse
1228 1541 1263 1588 ee
1285 1521 1335 1586 ait.
1358 1518 1464 1586 Enarr.

135 1624 195 1687 tab.
220 1645 248 1709 p.
272 1628 322 1698 ὅθ,
344 1625 459 1689 veritus
483 1645 521 1690 ue
544 1627 657 1691 nimius
671 1625 763 1692 inerit
777 1624 804 1690 si
818 1625 1022 1713 antiquiorem
1039 1626 1205 1713 aliquando
1221 1633 1267 1692 est
1282 1623 1463 1709 suspicatus.

134 1727 173 1789 nt
194 1723 356 1804 Quinctios
379 1727 429 1792 hio
461 1727 514 1814 qui
547 1730 672 1795 Aeclani
702 1736 850 1816 patronus
879 1737 942 1808 est,
966 1731 1074 1797 eodem
1104 1739 1241 1816 tempore
1270 1726 1464 1794 duumviratu

134 1828 271 1912 iungitur
292 1828 466 1915 Pompeiis,
486 1829 608 1897 ootonia
632 1832 672 1897 ibi
697 1833 827 1899 deducta
850 1853 869 1898 a
890 1833 923 1898 P.
946 1831 1092 1900 Cornelio
1115 1832 1211 1900 Sulla.

137 2037 229 2098 rose.
253 2071 294 2088 -
315 2032 453 2100 Aeoiani.

129 2194 286 2254 niteamus.)
329 2185 348 2242 S
372 2208 379 2220 ·
403 2189 436 2257 Q
615 2171 782 2258 Descripsi.
810 2173 1027 2259 Fragmentum
1050 2179 1096 2239 est
1118 2173 1241 2239 tabulae
1268 2171 1464 2259 praecedenti

328 2277 472 2346 colunt
570 2272 681 2340 simite.
703 2273 835 2362 Supple:
859 2273 1033 2361 turreisque
1057 2283 1175 2362 aequas
1200 2286 1283 2365 Qum
1306 2273 1401 2342 moiro
1420 2275 1465 2340 ia·

567 2377 713 2444 oiuudum
736 2381 997 2452 cottanorum.

137 2599 227 2662 4657.
251 2596 406 2681 (dett,
428 2595 598 2675 uxxvul,
613 2600 663 2679 oi.
689 2635 727 2646 -
751 2598 887 2665 Aeclani.

626 2739 978 2810 coemuntur

627 2842 977 2911 (nonnius-cr

632 2945 978 3015 urrunnu-oss

627 3046 978 3115 cneororneon

628 3148 678 3216 oa
701 3179 707 3193 ·
731 3148 805 3218 sun
831 3181 838 3194 ·
861 3151 976 3234 reon

177 3396 242 3464 Hoc
265 3399 462 3482 municipium
484 3406 585 3465 aetate
607 3399 734 3467 Traiani
756 3403 876 3467 colonia
899 3400 1010 3467 iactum
1034 3409 1089 3466 est.

136 3606 228 3670 4658.
252 3605 424 3689 (dm).
447 3640 489 3655 -
512 3605 617 3705 Roooa
638 3606 669 3672 S.
692 3607 806 3673 Felice.

202 3744 224 3810 C
250 3775 256 3789 ·
282 3745 468 3813 PONTWS

258 3846 411 3914 MAN-F
594 3842 728 3922 Marius,
752 3843 850 3910 Maria
871 3843 1075 3928 praenominis
1097 3842 1164 3909 ioco
1187 3850 1265 3908 sunt.
1288 3841 1401 3908 Confer
1423 3839 1444 3908 ti

202 3948 375 4016 attosti·
390 3949 462 4017 EST
549 3946 628 4011 tulos
651 3949 863 4030 praenestinos
887 3967 936 4012 uu.
960 3949 1038 4026 ott,
1060 3945 1133 4010 759.

136 4167 231 4229 totio.
252 4203 293 4218 -
314 4163 421 4230 Nolae.

539 4306 1040 4376 (N·MAR1VS·(·F·(

541 4408 642 4476 ΗΕΙ(
667 4440 674 4453 ·
697 4408 810 4478 sirus
834 4440 841 4454 ·
868 4410 940 4477 EST
965 4441 971 4454 ·
998 4411 1040 4476 ΙΝ

542 4512 708 4580 attonu-
723 4513 844 4582 torto
861 4512 958 4581 ·ΡΕῠ
971 4542 977 4556 ·
990 4515 1043 4581 xit

541 4613 1020 4685 mamistanensem«
1299 4605 1464 4694 Deseripoi.
