3650 5342
151 379 243 443 tete.
269 411 307 426 -
331 375 473 464 Capenae
497 375 525 442 in
551 377 673 442 vasculo
697 375 823 462 graphio
847 378 1005 461 seriptum.

723 521 899 591 Intimi!

722 625 901 691 rnutttt

151 858 242 920 4888.
268 888 306 904 -
329 854 471 941 Capenae
494 857 523 920 in
547 853 671 943 raseuip
695 855 821 940 graphio
845 855 1046 940 inscriptum..

591 997 856 1066 (tauerner

590 1097 989 1168 n·o·ttt·etovs·sexr

176 1265 345 1351 'Descripsi
369 1267 398 1330 in
421 1264 569 1331 coenobio
592 1265 620 1330 S.
645 1266 744 1342 Pauli,
769 1274 799 1331 et
821 1262 986 1330 delineari.

150 1516 243 1579 tuot.
266 1551 306 1563 -
330 1513 425 1578 Caere
448 1515 477 1578 in
501 1533 552 1578 ore
576 1514 657 1606 raaia
679 1511 806 1597 graphio
830 1519 974 1578 notatum.

468 1619 471 1625 ⁴
734 1655 885 1723 nomio

189 1819 346 1906 Descripsi
369 1821 398 1884 in
422 1840 526 1886 museo
550 1820 738 1905 Campanae,
762 1821 814 1884 uiri
838 1820 1055 1886 asservabatur
1082 1818 1173 1886 etiam
1206 1819 1313 1885 thorax
1344 1818 1401 1882 uiri
1430 1837 1466 1882 ex

147 1925 252 1988 eodem
275 1923 414 2008 sepulcro
438 1931 555 1997 erutus,
578 1922 669 1988 simili
701 1922 787 1987 titulo
817 1922 895 1987 iusra
922 1932 1030 2008 peetus
1059 1921 1238 2008 insculptus.
1270 1921 1487 1998 atrectatus„

151 2027 210 2091 tab.
234 2026 292 2104 xt,
311 2027 447 2090 nDamio
470 2024 685 2090 nominativum
710 2031 796 2110 putat
819 2025 1032 2112 pronomine,
1057 2025 1162 2090 Euarr.
1180 2026 1241 2090 tat.
1264 2047 1294 2089 n.
1317 2029 1367 2088 to.
1384 2023 1469 2088 litem

149 2133 180 2192 in
202 2129 306 2213 Suppl.
330 2149 359 2213 p.
383 2133 423 2192 95
446 2128 529 2192 dedit
551 2127 779 2212 inscriptionem
804 2128 931 2214 graphio
955 2134 1104 2205 notatam,
1125 2130 1173 2192 eui
1197 2127 1349 2192 Brennius
1367 2125 1470 2189 since-

151 2229 246 2294 ritatis
265 2229 390 2295 dubium
407 2231 559 2317 inspersit.
576 2230 685 2295 Damio
705 2230 915 2296 diminutivum
933 2231 1113 2296 vocabulum
1130 2238 1177 2294 est
1192 2238 1224 2293 ut
1238 2237 1382 2295 sexcenta
1401 2228 1471 2301 otia,

152 2352 189 2398 er
211 2331 314 2398 radice
335 2331 424 2409 δῆμος
446 2333 547 2399 donce
569 2331 677 2408 δᾶμος,
708 2335 788 2398 unde
810 2341 841 2399 et
863 2331 998 2410 Δαμέας,
1022 2334 1086 2398 sive
1109 2333 1223 2408 Λαμίας
1244 2333 1387 2409 Demeas,
1411 2329 1471 2394 ori·

150 2436 250 2520 ginem
274 2434 374 2503 habet.
868 2451 876 2472 ·

16 2645 27 2660 ’
151 2681 241 2741 tear.
266 2675 415 2760 (aare,
439 2673 680 2761 xcu11,e)·-
703 2674 809 2739 ciere.

690 2816 925 2884 Tuumne

188 2982 303 3050 Horum
326 2983 497 3064 titulorum,
520 2985 571 3070 qui
602 2982 698 3049 Caere
721 2984 832 3070 reperti
864 2990 949 3060 sunt,
981 2982 1143 3048 nonnullos
1164 2981 1291 3048 Romam
1323 2981 1464 3048 adrectos

147 3086 312 3170 divulgarit
333 3085 521 3152 Hennenius:
546 3087 694 3172 quosdam
717 3086 746 3150 in
768 3087 921 3150 Ceretano
951 3084 1052 3150 adhuc
1079 3085 1203 3150 latentes
1232 3104 1289 3168 ego
1319 3083 1467 3170 descripsi

147 3197 178 3256 et
199 3190 279 3255 edidi
305 3192 334 3254 in
357 3189 436 3255 Diss.
459 3189 589 3255 archoni.
614 3190 669 3254 voi.
698 3190 720 3266 i,
740 3194 813 3264 158,
834 3193 903 3253 tao.

147 3437 240 3499 tneo.
264 3433 304 3516 (τ
321 3433 429 3517 ibit).
447 3469 485 3484 -
510 3433 605 3500 Caere
628 3440 778 3518 repertus.

665 3574 951 3642 ructatus-tt

148 3813 239 3876 tear.
634 3814 981 3882 tenesne-tenue

189 3977 341 4064 Descripsi
365 3977 516 4063 edidique.
541 3977 616 4042 Nota
640 3976 769 4042 litteram
794 3979 803 4039 Ι
825 3981 971 4063 primum,
997 3985 1028 4041 ut
1050 3975 1182 4050 videtur,
1204 3978 1248 4042 sio
1271 3977 1413 4063 scriptam
1441 3984 1463 4051 t

145 4081 255 4147 deinde
279 4087 420 4146 mutatam
445 4083 473 4144 in
499 4087 535 4150 t..

148 4322 239 4382 teet.
263 4317 408 4403 (erato,
436 4316 559 4395 tutu,
584 4319 631 4402 o).
654 4351 690 4366 -
718 4316 843 4381 ibidem.

737 4475 880 4542 (nestit

692 4579 921 4646 >tenenat
