3650 5342
360 280 409 337 tol

362 406 435 467 730,
457 401 549 465 ..·In
573 401 639 465 basi
663 400 822 486 quadrata.
885 402 1163 486 [tratuotttcll
1277 469 1283 478 -

405 556 561 640 Descripsi
584 573 622 617 er
643 553 739 618 torma
760 560 884 617 extante
906 551 1078 638 litterisque
1101 554 1289 637 retrogradis
1312 555 1343 619 in
1365 557 1507 621 mortario
1529 556 1690 642 impressa.

362 659 438 724 llam
462 656 640 723 Cicercbiae
662 656 776 722 donum
798 653 885 719 dedi:
910 656 935 719 is
957 657 1037 721 male
1062 661 1308 730 tartottttts
1332 656 1478 723 exhibuit.
1714 662 1717 671 '

359 815 435 875 781.
457 846 496 857 -
518 810 551 873 ln
574 809 640 873 basi
662 808 774 873 media.
875 812 1187 882 tr·ttttttt0ntttt5

363 970 437 1031 782.
881 968 1071 1036 tabita·
1089 970 1117 1037 tl
1134 973 1176 1036 Ῥ

362 1122 432 1184 783.
448 1120 481 1203 (=
496 1124 572 1213 taor
596 1119 642 1201 d).
663 1149 700 1156 --
716 1118 749 1181 ln
765 1116 833 1182 basi
850 1118 958 1183 media.
1005 1123 1127 1192 stota
1145 1146 1152 1163 ·
1168 1124 1386 1191 venustata

1130 1226 1323 1293 amitant
1342 1229 1389 1292 ·l.

403 1374 571 1459 Descripsi.
595 1374 732 1438 blomrns.
756 1373 787 1437 in
810 1374 879 1438 add.
903 1374 966 1437 Nec
990 1372 1140 1457 l‘ergiliae
1165 1372 1308 1449 libertae,
1331 1372 1388 1449 ait,
1412 1393 1469 1439 nec
1493 1374 1616 1439 Patroni
1636 1374 1692 1439 Pa-

361 1485 506 1542 tronaeve
528 1496 638 1541 nornen
662 1477 788 1542 estrico.
811 1475 953 1541 notulam
977 1494 1032 1561 pro
1055 1476 1194 1557 Antulla,
1217 1476 1331 1541 Antilla
1353 1478 1515 1561 occupavit
1536 1476 1691 1553 llenzen.,

361 1579 493 1643 lludiam
516 1578 615 1643 dicam
639 1598 808 1663 cognomen
831 1598 900 1643 esse
924 1581 1058 1663 positum
1080 1578 1148 1645 loco
1170 1579 1377 1664 praenominis
1399 1598 1435 1644 er
1459 1578 1591 1664 oppido,
1609 1580 1691 1643 uode

362 1688 446 1746 ortus
470 1681 604 1759 Ennius,
628 1700 719 1764 quern
742 1681 868 1758 Cicero,
892 1700 947 1765 pro
971 1680 1085 1745 brebia
1102 1686 1152 1755 ld,
1172 1682 1302 1745 lludium
1319 1680 1472 1746 bominem
1490 1681 1573 1746 dixit.
1597 1688 1691 1754 VER-

362 1789 488 1857 Getta
521 1803 576 1870 pro
601 1789 819 1857 νεκῦΕΙΗΑ
844 1782 988 1848 exhibent
1011 1785 1147 1849 llomms.
1169 1783 1262 1848 flent.
1290 1784 1475 1869 traduntque
1499 1783 1597 1849 locum
1620 1802 1688 1848 esse

360 1887 505 1951 detritum
528 1893 598 1951 ante
621 1906 727 1950 vocem
749 1886 887 1964 Antulai,
909 1895 1074 1973 utromque
1097 1885 1184 1951 male.

361 2041 434 2103 rer.
515 2002 521 2011 ’
636 2122 640 2128 ,
865 2044 1188 2111 cernendum

362 2196 433 2258 785.
457 2231 495 2240 -
517 2193 550 2259 ln
574 2194 733 2278 superiore
756 2192 895 2274 margine
917 2192 1010 2259 basis.

839 2324 1213 2417 eructuantes

361 2502 434 2564 786.
456 2533 496 2543 -
517 2499 551 2563 ln
575 2499 676 2584 pinea·
812 2505 939 2573 ΛΛΑΙΟ
955 2526 963 2543 ·
978 2503 1233 2574 votfit‘tttttt

362 2657 435 2718 787.
459 2654 495 2739 (=
510 2658 588 2733 too,
610 2651 758 2727 XXXVI,
783 2655 850 2736 60).
871 2690 914 2700 -
936 2653 970 2717 ln
993 2653 1131 2735 margine
1153 2652 1297 2717 inleriore
1319 2650 1413 2716 basis.

867 2856 871 2862 -
930 2810 1127 2878 <·t150tt0

403 2958 572 3046 Descripsi.
595 2960 708 3025 Locum
732 2958 912 3045 inscriptum
937 2960 1075 3024 blomans.
1098 2978 1158 3024 non
1175 2958 1304 3025 indical:
1327 2958 1409 3025 idem
1434 2970 1466 3047 Q
1487 2980 1542 3045 pro
1566 2965 1588 3032 <
1611 2959 1690 3025 male

361 3062 497 3127 exhibet.
519 3061 612 3127 Caius
635 3063 751 3127 Usorus
775 3069 822 3127 est
844 3061 938 3126 Caice
962 3061 1140 3138 Comeniae,
1164 3083 1192 3126 n.
1216 3067 1291 3139 636,
1315 3062 1459 3139 maritus,
1482 3070 1513 3126 et
1535 3083 1573 3128 ea
1594 3064 1689 3127 lorma

361 3165 516 3240 scribitur,
539 3185 602 3250 qua
624 3163 766 3247 Πέλωρος.

362 3321 435 3384 roe.
643 3311 647 3315 ’
947 3320 1115 3399 list-e

362 3476 435 3537 rso.
947 3474 1117 3553 tlt-or

882 3712 965 3759 't'ituli
985 3713 1164 3761 Faliscorum.

406 3878 580 3966 Oppidum,
603 3880 684 3963 quod
709 3897 788 3943 nunc
812 3878 927 3942 Ciuitas
952 3878 1124 3955 Castellana
1145 3885 1287 3955 vocatur,
1311 3876 1366 3942 luit
1388 3877 1459 3942 olirn
1483 3886 1574 3963 eaput
1595 3880 1693 3961 gentis

363 3982 491 4046 laliseae
514 3987 545 4044 et
566 3979 744 4051 Faleseum,
767 3980 832 4043 sire
856 3978 1024 4055 Falerium,
1048 4000 1117 4044 narn
1140 4000 1312 4065 synonyma
1333 3986 1417 4053 sunt,
1434 3987 1482 4043 est
1498 3980 1693 4065 appellatum.

363 4084 438 4147 Crrm
468 4102 541 4147 vero
570 4082 687 4147 Falesci
716 4101 732 4146 e
759 4087 861 4145 monte
885 4083 916 4145 in
937 4080 1095 4166 planitiem
1119 4082 1215 4147 coacti
1239 4104 1257 4147 a
1279 4082 1425 4147 llomauis
1447 4081 1614 4147 victoribus
1636 4082 1692 4145 dc-

363 4186 568 4263 scenderunt,
592 4185 696 4269 ibique
721 4204 827 4249 novam
852 4184 959 4248 urbem
982 4185 1201 4260 condiderunt,
1221 4204 1287 4249 eam
1303 4183 1439 4249 Falerios
1455 4184 1692 4249 nominaverunt.

362 4289 491 4353 llomani
521 4296 590 4374 post
619 4288 737 4371 aliquot
766 4306 864 4350 annos
888 4286 1040 4352 coloniam
1064 4286 1096 4350 in
1119 4284 1277 4372 auliquam
1299 4286 1488 4352 Faliscorum
1512 4286 1614 4351 sedem
1637 4286 1693 4349 de·

362 4391 534 4469 duxerunt,
559 4409 639 4476 quae
663 4387 792 4453 Colonia
813 4388 943 4455 Iunonia
964 4388 1087 4455 Falisca
1109 4390 1191 4455 dicta
1212 4394 1275 4467 ost,
1297 4410 1359 4475 qua
1381 4396 1481 4455 aetate
1499 4389 1610 4455 Falerii
1625 4388 1694 4452 blu-

290 4490 297 4505 “
361 4494 505 4577 nicipiunr
529 4492 681 4556 Faliscum
705 4491 764 4555 dici
790 4498 931 4575 coeptum
957 4500 1012 4557 est.
1038 4492 1132 4576 Origo
1157 4492 1343 4557 Faliscorum
1358 4512 1377 4557 a
1392 4491 1524 4568 Sabinis,
1543 4490 1693 4557 dialectos

363 4596 475 4672 latina,
496 4601 527 4658 at
548 4594 719 4659 litteratura
741 4593 917 4679 promiscua
939 4614 956 4658 e
979 4594 1082 4660 latinis
1105 4594 1279 4673 elementis,
1304 4594 1448 4673 etruscis,
1472 4592 1676 4679 propriisque.
