3650 5342
380 233 430 292 200

329 364 400 431 ull.
422 363 560 449 (=aet).
583 363 640 431 llia
660 363 778 432 Salaria
799 368 829 432 in
851 367 916 432 nico
940 367 1143 435 Saut’Omero
1165 370 1315 437 columna.

830 512 1159 595 0000(ιο0·ρο
1198 500 1205 513 “

850 614 1032 684 mereat
1054 616 1127 683 cos
1470 625 1501 675 u.
1524 626 1551 672 c.
1576 610 1648 673 000.

937 718 984 785 0<
1010 720 1045 785 n<

927 822 1058 888 nonna

369 948 527 1035 Descripsi
549 950 669 1037 plenius
686 970 777 1038 quam
793 951 904 1029 Palma,
922 951 999 1019 Stor.
1016 952 1096 1036 degli
1115 951 1242 1018 ltbruzai
1261 958 1287 1029 0,
1310 956 1364 1029 50;
1382 956 1411 1031 0,
1427 954 1498 1015 808.
1513 951 1649 1017 litteral

328 1051 378 1117 vix
400 1052 492 1119 distat
513 1073 532 1118 a
553 1063 645 1120 recta.
665 1054 734 1120 Duo
757 1055 840 1121 luere
861 1054 974 1121 Metelli
991 1057 1134 1122 eonsules
1150 1056 1207 1120 hae
1223 1062 1336 1121 aetate:
1356 1055 1434 1121 alter
1451 1060 1647 1140 cognomento

328 1155 439 1223 Calvus
454 1178 482 1223 0.
499 1162 571 1237 ote,
586 1161 663 1225 alter
683 1157 879 1224 Diadematus
895 1180 922 1225 a.
938 1164 1013 1225 637:
1031 1162 1179 1226 incertum
1194 1161 1262 1245 quis
1278 1156 1346 1225 niae
1361 1158 1451 1225 huius
1465 1158 1648 1226 reficiendae

327 1268 434 1327 auctor
455 1260 496 1328 sil
516 1263 697 1330 censendus.

325 1438 396 1499 008.
421 1436 556 1521 (Aah).
578 1464 617 1480 ·-
636 1434 772 1523 Delphis,
794 1438 826 1501 in
849 1438 965 1523 pariete
987 1435 1213 1522 amphitheatri.
1263 1423 1272 1443 ⁰

728 1580 1129 1662 0000000000

729 1685 872 1753 rusus·
888 1682 1203 1752 0000000000
1471 1698 1497 1743 c.
1522 1695 1548 1740 a.
1574 1678 1644 1741 sar.

728 1787 1087 1855 sturno-anenno

367 1915 532 2003 Exscripsit
558 1914 719 2004 Kyriacus.
742 1918 775 1979 V.
799 1922 817 1979 3
848 1923 1002 1991 ΚΙΝΤΙΟ
1032 1918 1108 1982 vatis
1138 1936 1247 1983 00000
1273 1918 1392 2001 putavit
1420 1913 1559 1989 llenzen,
1587 1916 1643 1999 ipsi

324 2020 451 2092 lortasse
482 2018 612 2105 hpollini
645 2020 749 2086 datum
785 2019 853 2105 (Or.
883 2022 991 2105 5700).
1024 2020 1213 2086 Caledonius
1245 2017 1318 2084 scite
1350 2020 1480 2085 restituit
1514 2023 1643 2089 l'llll'lO

324 2121 414 2204 (Rull.
437 2122 535 2187 lnstit.
558 2127 649 2198 0800,
673 2126 740 2208 00),
764 2122 874 2188 collato
898 2143 1020 2188 nummo
1043 2122 1213 2203 laodiceno,
1236 2123 1266 2187 in
1289 2142 1350 2207 quo
1373 2121 1484 2207 legitur
1507 2127 1642 2192 l'llllla.

322 2224 516 2293 confirmavit
534 2226 674 2304 010000.
692 2226 796 2291 addita
818 2226 921 2311 glossa
946 2226 1058 2292 Placidi
1082 2228 1129 2291 ed.
1153 2224 1224 2303 nai,
1247 2229 1322 2290 00οε
1347 2226 1476 2303 Pullum,
1502 2222 1641 2311 Pythium

258 2384 265 2396 .
328 2329 496 2413 llpolinem.
1343 2332 1348 2349 '

321 2504 392 2565 000.
418 2506 538 2579 οε000,
560 2502 641 2585 xx).
663 2502 838 2568 -Tabula
868 2520 964 2568 aenea
995 2504 1104 2568 eliosse
1135 2501 1164 2567 in
1197 2502 1273 2567 valle
1305 2502 1480 2568 Porcelerae
1509 2464 1640 2566 llumiuis

469 2605 558 2670 hodie
582 2605 756 2684 Polcevera,
779 2606 848 2671 inde
870 2604 1007 2671 Genuam
1030 2606 1124 2671 illata.

732 2740 861 2832 l'lfextum
879 2741 959 2795 habes
976 2748 1069 2795 contra
1088 2742 1232 2813 peginam).

363 2860 578 2928 Controversia
591 2870 656 2928 orta
671 2865 748 2927 inter
763 2862 936 2946 Langenses
955 2862 1085 2928 Viturios
1104 2870 1133 2927 et
1151 2862 1313 2943 Gamales,
1325 2848 1420 2928 Roma
1436 2862 1516 2926 missi
1536 2862 1638 2927 arbitri

322 2968 423 3049 (erant
444 2968 522 3032 enim
546 2967 698 3032 Genuates
722 2966 924 3032 Romanorum
949 2964 1038 3031 amici
1061 2973 1090 3029 et
1113 2964 1310 3051 probabiliter
1331 2965 1492 3049 foederati)
1516 2964 1638 3031 Minucii

321 3069 393 3145 duo,
415 3090 482 3135 cum
503 3068 603 3135 adhuc
625 3069 698 3134 nulli
720 3076 822 3133 essent
836 3069 955 3134 Galliae
978 3066 1145 3155 cisalpinae
1170 3067 1376 3153 proconsules.
1391 3066 1516 3134 Minucii
1535 3086 1637 3152 agrum

321 3169 503 3237 llituriorum
526 3174 674 3256 privatum
696 3193 714 3237 0
737 3171 859 3255 publico
883 3172 1091 3237 terminarunt.
1116 3170 1273 3236 Publicum
1288 3190 1392 3254 agrum
1415 3170 1639 3256 distinguebant

321 3282 437 3339 veteres
458 3273 489 3337 in
519 3293 624 3357 agrum
655 3275 781 3349 cultum.
804 3294 920 3359 pascua
942 3282 971 3338 et
993 3282 1086 3359 prata.
1111 3272 1148 3337 Ut
1169 3295 1242 3361 ager
1270 3272 1406 3360 privatus
1437 3274 1528 3339 itaet
1551 3278 1637 3358 prata

320 3374 440 3461 publica
461 3375 600 3461 vectigali
623 3396 681 3441 non
705 3376 914 3451 subiacebant,
938 3385 967 3441 et
989 3376 1019 3441 in
1043 3396 1115 3461 agro
1139 3396 1321 3464 compascuo
1337 3376 1447 3442 licebat
1464 3376 1637 3440 castellanis

319 3478 445 3544 Vituriis
467 3500 566 3565 aeque
588 3500 624 3544 ac
647 3480 834 3545 Gennatibus
859 3498 992 3565 pascere.
1017 3479 1088 3544 Erat
1109 3480 1201 3561 igitur
1214 3480 1353 3565 quaestio
1369 3478 1407 3542 de
1422 3498 1496 3563 agro
1515 3477 1635 3564 publico

317 3581 406 3658 culto,
431 3604 521 3669 quem
537 3581 645 3648 Viturii
661 3603 679 3648 a
693 3582 882 3648 Gennatibus
901 3581 1013 3668 quibus
1030 3582 1163 3647 attributi
1181 3589 1269 3646 erant
1286 3588 1478 3667 acceperant,
1495 3580 1634 3663 vectigali

316 3684 464 3772 imposito.
488 3686 614 3751 hlinncii
634 3685 813 3751 sententiam
836 3688 979 3761 tulerunt,
1002 3704 1091 3771 qnam
1114 3687 1258 3770 scriptam
1280 3685 1367 3770 legis.

362 3790 395 3853 ln
418 3790 474 3853 hoc
497 3794 690 3853 monumento
714 3788 801 3873 plura
822 3797 902 3869 sunt,
926 3808 1004 3874 qnae
1027 3809 1082 3854 nec
1099 3808 1151 3873 per
1168 3788 1251 3872 leges
1268 3787 1503 3874 orthographiae
1519 3785 1633 3852 saeculi

317 3892 437 3977 septimi
459 3890 603 3978 explicari
619 3899 754 3977 possunt,
771 3894 826 3957 sed
845 3890 1041 3957 vetustiorem
1065 3892 1246 3976 scripturam
1268 3890 1404 3977 sapiunt:
1428 3892 1633 3976 quamobrem,

317 4002 348 4062 nt
369 4015 463 4081 saepe
485 3993 558 4071 diri,
573 4016 610 4061 ex
624 4014 764 4059 sermone
786 3993 906 4079 plebeio
930 3993 1094 4079 repetenda
1112 4001 1192 4069 sunl,
1208 3993 1239 4057 in
1255 4014 1315 4080 quo
1330 3992 1507 4080 incorrupta
1523 3994 1633 4059 veteris

315 4096 436 4181 linguae
452 4098 653 4184 pronuntiatio
669 4097 778 4161 mansit
793 4096 1037 4181 perduravitque.
1054 4095 1190 4181 Cumque
1203 4095 1279 4161 hanc
1290 4094 1470 4182 imperitiam
1486 4098 1633 4163 sermonis

315 4200 449 4265 cultioris
478 4206 509 4264 et
537 4200 749 4282 grammaticae
782 4199 922 4263 bllnuclis
953 4199 1116 4264 attribuere
1149 4207 1299 4274 0000000,
1330 4198 1362 4263 id
1394 4202 1632 4282 agrimensorum

315 4304 505 4369 labrorumve
527 4303 712 4368 aerariorum
735 4300 832 4384 magis
856 4300 1059 4384 indiligentiae
1090 4302 1256 4367 tribuamus
1287 4322 1413 4369 necesse
1436 4310 1489 4368 cst.
1513 4304 1546 4366 ln
1570 4303 1634 4388 ple·

317 4410 404 4472 belae
427 4405 659 4472 consuetudinis
688 4425 812 4471 censum
841 4406 966 4470 veniunt
986 4426 1013 4469 n.
1037 4407 1056 4468 7
1083 4410 1421 4484 Sllsodlollslllvr,
1444 4427 1471 4471 n.
1496 4410 1534 4471 ll
1568 4414 1632 4478 ΙΝ·

320 4514 1038 4587 ΛΛΟΝΤΕΛΛ·1.ΕΛΛο100οΝΟ·.1ΝΡοΙΛΛΟ,
1069 4529 1094 4573 v.
1128 4512 1167 4572 eo
1204 4515 1630 4583 tlt-tutotttennefittt

317 4618 726 4692 cleanthen-tufum,
748 4632 775 4677 v.
800 4616 840 4676 83
865 4616 1092 4691 stottona,
1114 4630 1148 4675 v:
1165 4614 1204 4676 30
1231 4616 1633 4695 obtusione-entre,
