3650 5342
1409 324 1438 378 44

135 461 225 528 mam
247 443 287 506 ad
310 462 421 508 annum
445 443 507 506 lere
530 446 590 504 020
615 447 821 506 excurrentem
846 441 927 508 lacit.
950 441 1090 520 Quatuor
1111 439 1142 505 in
1159 460 1196 504 44
1212 441 1325 506 44444
1341 449 1412 507 4444
1426 445 1456 507 44

136 545 246 632 quibus
269 543 382 610 ueteris
405 544 527 632 quidem
549 543 805 630 palaeograpbiae
828 544 989 626 vestigium
1005 545 1096 608 estin
1113 546 1227 608 444444
1241 553 1272 608 44
1285 546 1457 629 promiscue

136 649 297 714 adhibetur
318 649 349 713 in
372 647 491 712 duobus
507 669 534 712 n.
551 651 590 712 99
614 650 688 719 (Ab
712 652 826 722 44ΑΕ,
849 647 1013 732 aliquando
1036 643 1125 718 (444
1149 653 1268 727 HAG
1293 667 1321 711 n.
1339 653 1398 712 402
1417 648 1457 713 nt,

138 751 232 817 Baebi
253 751 292 830 Q.
309 752 328 814 4.
352 753 514 831 innunt,
538 769 754 834 nonnunquam
777 756 949 829 ΤΑΜ444.;
965 770 994 814 4.
1015 754 1076 813 403
1099 755 1276 825 (diunt,
1292 770 1320 815 n.
1337 755 1410 831 ttt;
1435 758 1456 825 4

141 863 186 926 Η·
209 854 293 920 Tub:
309 853 390 918 hunc
408 873 478 917 4444
493 851 653 919 4444441434
668 859 754 939 putat
769 853 820 937 qui
838 853 893 917 4444
908 860 1029 938 praetor
1045 873 1093 917 an.
1109 874 1138 917 3.
1157 873 1183 917 o.
1200 857 1271 918 042.
1285 852 1384 918 Ceteri
1405 856 1457 939 qui

138 959 206 1032 siut,
221 977 322 1043 quone
336 975 416 1020 anno
430 954 583 1021 leniendae
598 963 738 1021 monetae
753 954 898 1042 praelecti
914 956 1037 1032 luerint,
1053 956 1176 1021 saeculo
1188 975 1226 1021 ne
1239 963 1324 1022 sexto
1334 956 1459 1022 ¹labente

139 1081 176 1125 an
199 1058 321 1145 septimi
344 1059 446 1138 initio,
472 1079 530 1123 non
554 1057 667 1124 definit.
690 1057 780 1124 Nulla
801 1057 892 1142 igitur
914 1078 951 1124 44
973 1058 1078 1141 ignota
1100 1065 1199 1124 aetate
1221 1063 1391 1142 argumenti
1413 1060 1460 1124 444

139 1183 205 1228 4444
220 1169 331 1250 potest.
346 1161 510 1227 Videamus
527 1181 607 1226 nnnc
623 1181 702 1248 qnae
718 1163 757 1226 sit
774 1161 879 1226 horum
896 1162 1104 1247 exemplorum
1117 1164 1163 1227 444
1175 1169 1282 1228 444444
1293 1161 1459 1228 doctrinam

139 1285 230 1351 quam
246 1263 425 1348 lapidariam
440 1266 541 1349 placet
556 1263 718 1349 appellare.
735 1261 818 1330 llaec
835 1283 905 1329 vero
921 1267 986 1330 4444
998 1265 1082 1331 34444
1094 1285 1164 1330 4444
1176 1264 1313 1344 4444434;
1329 1285 1459 1350 namque

140 1389 208 1434 444
222 1367 341 1433 solatae
357 1367 474 1432 litterae
490 1375 592 1432 rectae
608 1367 787 1444 scribantur,
804 1385 899 1432 44444
915 1387 987 1432 4444
1004 1370 1092 1432 4444
1109 1375 1220 1444 rectae,
1235 1369 1324 1432 modo
1339 1377 1459 1442 acutae,

141 1471 214 1536 satis
236 1478 340 1557 patera
363 1470 492 1535 arbitror
514 1489 577 1535 444
598 1472 698 1555 potins
722 1469 760 1534 ad
784 1469 1014 1554 calligrapbiam
1030 1491 1120 1557 quam
1136 1472 1176 1536 ad
1192 1470 1459 1557 palaeograpbiam

141 1593 210 1638 esse
241 1573 438 1638 4444444444.
469 1573 502 1636 ld
533 1576 623 1637 etiam
656 1579 783 1657 apparet
813 1571 843 1635 in
868 1574 972 1637 tertiae
994 1580 1024 1636 et
1046 1581 1173 1659 quartae
1196 1573 1310 1657 periodi
1333 1574 1463 1639 nummis

141 1677 222 1741 4444.
240 1674 338 1751 Acilii,
362 1685 393 1740 et
413 1675 444 1739 l..
462 1675 577 1750 Sullae,
602 1675 653 1760 qni
678 1676 721 1739 sic
745 1673 952 1740 inscribuntur
974 1695 1000 1740 n.
1025 1679 1086 1739 433
1108 1682 1283 1750 macru
1309 1681 1462 1756 344448,

141 1801 169 1844 n.
193 1785 256 1844 232
281 1783 428 1856 4.·84444.
451 1779 577 1844 Restant
599 1797 635 1842 en
659 1778 785 1864 periodo
808 1778 946 1842 secunda
967 1777 1107 1862 exempla
1129 1780 1207 1856 4444,
1232 1799 1312 1866 quae
1334 1781 1372 1844 ab
1395 1782 1464 1865 ipsa

141 1889 240 1947 aetate
263 1901 343 1968 quae
367 1881 523 1946 saeculum
546 1889 665 1946 444444
688 1882 807 1963 attingit
829 1883 1055 1946 excusationem
1077 1881 1199 1947 babent.
1303 1882 1308 1892 “

185 1983 335 2050 Poriodus
357 1985 445 2050 tertia
467 1983 506 2048 ab
528 2003 555 2048 a.
579 1987 718 2048 neo-oto
743 1983 868 2068 praebet
890 1984 980 2058 baec,
1005 2003 1033 2047 n.
1058 1989 1117 2048 433
1142 1990 1314 2058 initote(
1340 1990 1464 2065 taeta
1548 1991 1556 2004 '

142 2093 242 2153 444444
275 2085 469 2169 gracchana;
503 2106 532 2149 n.
557 2091 616 2152 424
651 2085 768 2162 4·ἦὸ
802 2091 933 2164 onam
969 2106 1016 2150 nn.
1042 2091 1123 2162 434,
1147 2091 1229 2162 444,
1251 2107 1464 2172 nonnunquam

143 2195 305 2262 most
334 2193 412 2269 443,
445 2194 746 2267 nullanetus,
776 2209 804 2252 n.
828 2193 888 2252 tto
920 2193 1143 2266 (444οε14
1173 2189 1285 2275 quibus
1306 2191 1466 2276 postremis

143 2293 265 2358 duobus
288 2296 299 2356 4
322 2293 438 2357 444444
461 2299 551 2358 44444
574 2291 701 2356 444444
722 2292 855 2379 speciem
872 2290 972 2356 babet.
991 2292 1024 2355 ln
1041 2291 1167 2376 periodo
1182 2293 1287 2378 quinta
1302 2293 1341 2358 ab
1360 2312 1389 2358 a.
1405 2295 1466 2355 050

143 2397 181 2460 ad
206 2399 266 2459 640
290 2403 362 2460 4444
386 2413 413 2459 n.
436 2399 497 2458 222
528 2396 687 2472 44444444,
710 2415 738 2458 n.
762 2397 823 2457 435
849 2399 997 2472 44444,
1019 2394 1068 2460 444
1103 2400 1263 2467 4,·(444Τ.
1287 2395 1371 2462 Η444
1393 2413 1468 2477 ergo

145 2507 207 2564 tam
229 2517 330 2585 pauca
352 2506 422 2562 sant
443 2516 522 2584 quae
545 2497 701 2562 commodo
720 2497 864 2584 explicari
880 2505 1007 2582 possunt
1021 2517 1076 2584 per
1092 2499 1344 2564 consuetudinem
1358 2496 1468 2562 identi-

143 2604 212 2666 dem
225 2603 467 2682 44444444444444.
477 2600 656 2665 Tenendum
669 2599 761 2682 igitur
776 2601 856 2685 qnod
871 2619 969 2684 nuper
980 2601 1009 2663 44
1024 2600 1098 2666 4444.
1111 2602 1164 2665 Sui
1173 2601 1470 2666 cononiflitsclreliooi

142 2706 251 2782 statui,
274 2705 407 2769 litteram
431 2703 657 2790 [quadratam
681 2703 832 2788 incepisse
856 2703 979 2769 ineunte
1003 2703 1125 2768 saeculo
1147 2712 1243 2782 sexto,
1266 2711 1375 2769 acutae
1396 2721 1469 2769 4444

145 2829 233 2872 4434
257 2826 398 2872 44444444
421 2803 541 2890 quidem
565 2804 629 2869 4444
652 2806 757 2869 eodem
781 2807 919 2884 saeculo;
938 2806 1060 2891 aliquod
1078 2814 1176 2871 tamen
1193 2809 1257 2871 eius
1272 2805 1365 2871 moris
1380 2808 1470 2869 44444-

144 2913 226 2992 gium
250 2929 414 2976 occurrere
437 2911 466 2972 in
491 2906 652 2992 lapidibus,
676 2914 708 2970 et
730 2910 759 2971 in
783 2907 912 2972 nummis
935 2909 1049 2973 saeculi
1072 2911 1192 2994 septimi
1211 2916 1243 2974 ut
1261 2918 1291 2974 et
1305 2910 1468 2974 formarum

146 3011 326 3099 iampridem
350 3012 552 3076 obsoletarum
576 3011 715 3095 exempla
732 3011 881 3076 interdum
898 3011 1163 3095 deprehendimus.
1179 3013 1204 3074 4
1220 3012 1337 3077 444444
1354 3011 1469 3077 formae

145 3117 270 3181 saeculo
293 3122 380 3180 sexto
404 3120 573 3200 usurpata,
595 3133 664 3178 cum
687 3121 777 3178 acuta
799 3119 829 3177 et
851 3121 954 3190 44444,
978 3115 1108 3180 44444444
1130 3114 1194 3180 4444
1221 3122 1290 3200 post
1316 3115 1470 3181 saecolum

144 3227 273 3284 4444444.
299 3217 332 3281 44
357 3217 457 3282 4444444
481 3218 617 3282 Etruriae
640 3217 732 3281 titulis
760 3217 786 3280 si
816 3218 937 3302 qnando
967 3217 978 3278 4
1007 3218 1123 3283 444444
1154 3218 1267 3282 444444
1299 3227 1353 3283 444
1382 3223 1473 3282 44444

146 3329 293 3398 sacratur,
315 3327 437 3384 4444444
459 3319 488 3383 44
511 3319 729 3384 444444444444
751 3319 864 3383 4444434
887 3328 971 3404 puta.

232 3431 265 3492 0
289 3423 367 3487 inira
383 3420 468 3486 hians
483 3421 636 3486 invenitur
648 3424 677 3486 in
694 3419 788 3486 titulis
804 3421 1022 3507 antiquissimis
1036 3430 1067 3487 et
1082 3424 1209 3488 nummis
1225 3423 1349 3490 saeculo
1364 3424 1471 3510 quinto

148 3526 280 3601 labente,
303 3533 451 3610 sextoque
472 3523 637 3609 incipiente
658 3526 740 3589 cusis
763 3533 795 3590 34
813 3533 885 3589 4344
903 3524 1148 3603 444444444444,
1165 3527 1369 3612 Aquinatium,
1385 3526 1474 3591 Cale·

151 3647 272 3704 norum,
296 3627 518 3701 Caiatinorum,
542 3625 785 3692 suessanorum:
812 3634 909 3692 tamen
934 3629 963 3692 in
988 3630 1116 3693 nummis
1152 3634 1289 3700 ΤΙΑΝΟ
1322 3631 1475 3715 inscriptis
1538 3667 1551 3690 .

153 3731 196 3794 ret
221 3736 421 3808 (οΖΑΝΟ,
445 3730 492 3794 vot
519 3735 724 3807 44ΟΜΑΝο,
747 3725 796 3795 ’444
822 3737 1044 3804 untsrnno
1066 3729 1131 3796 hiat
1151 3751 1318 3816 nunqnam.

237 3843 277 3911 ΓΙ,
304 3837 351 3911 Ρ,
376 3841 407 3906 Ρ.
431 3833 476 3898 lte
500 3832 588 3898 tertia
610 3833 707 3900 forma
728 3853 808 3920 quac
831 3833 983 3899 recentior
1004 3835 1116 3899 ceteris
1140 3835 1306 3921 putabatur
1322 3833 1370 3918 egi
1389 3835 1475 3912 olim,

153 3937 332 4020 ostendique
362 3934 527 4000 adhibitam
550 3955 610 4001 nou
631 3954 701 4002 raro
723 3937 846 4002 saeculo
868 3939 936 4022 ipso
958 3937 1075 4023 quinto.
1098 3938 1181 4003 Duas
1203 3938 1315 4004 formas
1338 3938 1471 4023 priores,

155 4059 230 4123 quae
244 4039 458 4104 existimantur
469 4058 608 4104 44444444
623 4061 691 4105 434
708 4042 830 4106 4444344
846 4049 941 4116 44444,
955 4041 1158 4106 demonstravi
1174 4060 1232 4106 non
1251 4042 1357 4125 paucis
1376 4059 1479 4106 4444-
1564 4052 1567 4054 ’

156 4143 210 4226 plis
237 4143 338 4226 iisque
365 4142 557 4224 vulgaribus,
587 4142 710 4208 saeculo
737 4145 866 4230 septimo
893 4142 988 4207 444444
1013 4149 1186 4229 usurpatas.
1214 4142 1298 4209 llaec
1332 4142 1479 4208 adversus

156 4245 319 4310 Germanos
348 4246 378 4309 in
408 4244 575 4310 Annalibus
605 4245 735 4312 instituti
758 4267 785 4311 a.
810 4251 901 4312 4800.
931 4244 1041 4311 Postea
1067 4265 1140 4311 4444
1170 4265 1261 4331 quam
1292 4245 1479 4310 llitschelios

156 4347 378 4414 distinctionem
397 4349 588 4434 excogitauit
613 4351 734 4432 interp
760 4348 880 4432 angulis
910 4349 1003 4415 444444
1032 4357 1239 4425 4444444444,
1269 4357 1338 4431 etp
1360 4347 1479 4434 angulis

158 4453 266 4534 pictam
278 4472 338 4518 non
356 4451 447 4536 plane
459 4454 560 4529 rectis,
572 4473 662 4539 quam
677 4454 812 4518 secundo
824 4455 890 4518 loco
904 4455 1002 4538 posui,
1017 4453 1204 4542 primamque
1217 4454 1479 4518 formaminstituit

158 4553 267 4619 444444
299 4573 442 4619 44444444
477 4553 559 4621 44444
581 4575 607 4621 a.
631 4577 660 4622 u.
684 4577 710 4620 c.
734 4559 813 4634 020,
848 4557 973 4622 alteram
1006 4557 1136 4621 durasse
1168 4575 1266 4640 usque
1288 4556 1328 4620 ad
1350 4554 1479 4641 Augusti

158 4655 273 4742 imperii
302 4655 405 4736 initia,
434 4675 491 4741 ego
520 4660 610 4723 etiam
639 4658 678 4725 ad
704 4659 762 4726 boc
789 4655 934 4742 effugium
966 4659 1079 4724 aditum
1103 4657 1277 4736 interclusi,
1300 4659 1479 4752 ostendique
