3650 5342
193 397 294 466 lluins
317 400 449 466 laminae
474 405 587 483 partem
610 396 759 482 posticam
782 395 854 464 dedi
876 396 908 461 in
930 397 1012 464 dctis
1035 398 1147 463 Societ.
1166 397 1327 483 Antiquar.
1347 397 1474 462 Londio.

153 511 182 567 et
199 502 292 568 babes
312 501 455 568 inferius:
473 502 551 568 hanc
570 502 751 585 antiquioris
769 500 878 566 aetatis
893 498 945 564 bic
958 498 1089 586 primum
1104 501 1172 565 edo.
1197 500 1321 564 Constat
1334 496 1473 563 versibus

152 605 297 672 saturniis
319 606 447 690 sexqui
471 623 507 668 ex
530 606 620 688 longo
643 605 774 668 carmine
797 611 958 688 superant,
981 603 1094 669 lomina
1117 603 1312 667 transversim
1330 607 1474 671 sectant

155 691 321 773 breviorem
352 707 470 772 tilulum
500 727 519 770 a
546 714 633 788 tergo
654 705 817 790 reciperet.
852 705 912 770 Sed
935 705 967 770 bi
990 724 1098 770 versus
1120 725 1198 789 pene
1221 705 1332 790 integri
1355 705 1394 770 ad
1417 724 1472 768 nos

153 816 374 894 pervenerunt,
405 811 511 896 paucis
542 818 654 875 tantum
686 807 794 874 litteris
824 809 967 884 amissis,
990 828 1070 892 quae
1092 808 1200 885 lacile,
1226 814 1323 892 pulo,
1347 813 1475 890 possunt

152 911 297 997 suppleri.
332 912 486 978 Lamiuam
517 913 612 999 ipsam
642 911 767 996 accepi,
795 918 826 976 nt
849 913 972 976 inventa
994 918 1059 986 est,
1084 911 1231 981 bactani.
1255 918 1286 975 et
1308 909 1476 991 fragmenta

152 1015 316 1098 composui.
339 1013 373 1079 lo
396 1016 565 1080 litteratura
588 1023 619 1078 et
640 1001 855 1099 orlb⁴ograpbia
877 1014 1036 1079 saeculnm
1052 1021 1171 1078 sextum
1190 1011 1258 1077 sine
1272 1011 1367 1078 dnbio
1382 1030 1476 1094 agno·

152 1135 238 1193 scas,
270 1120 290 1180 d
311 1119 493 1202 paragogico
516 1113 665 1183 sermonis
687 1113 861 1181 vetustioris
884 1123 1029 1200 excepto,
1052 1117 1136 1200 quod
1158 1123 1259 1180 tamen
1282 1120 1389 1180 auctor
1410 1133 1478 1178 car·
1513 1191 1520 1218 ι

154 1217 243 1282 minis
264 1218 419 1284 revocarit
443 1239 500 1284 non
525 1219 609 1283 metri
632 1237 742 1295 causa,
769 1218 822 1282 sed
845 1237 882 1282 ex
907 1218 1036 1301 ingenio.
1059 1217 1223 1301 singulare
1245 1225 1293 1283 εει
1316 1214 1407 1281 etiam
1429 1214 1476 1279 lit-

153 1331 234 1386 terae
255 1343 273 1401 p
296 1341 370 1387 usus
393 1320 459 1387 loco
483 1321 602 1386 alieno:
627 1320 732 1384 scribit
755 1319 835 1385 enim
857 1319 1058 1402 Gooleginm‚
1081 1321 1226 1406 Volgaoi,
1250 1320 1475 1385 Gondeccraot.

152 1425 194 1486 lle
224 1423 409 1508 quoluodam
439 1444 499 1488 non
526 1423 632 1490 eadem
663 1430 710 1488 εει
738 1423 837 1498 ratio,
868 1425 936 1489 eius
964 1425 1042 1488 enim
1066 1423 1236 1507 scripturae
1258 1420 1420 1504 vestigium
1443 1421 1474 1484 iu

152 1525 233 1590 Urbe
256 1527 383 1611 praebet
404 1527 513 1590 lamina
536 1527 573 1590 de
596 1526 796 1591 bacanalibns
821 1527 848 1589 io
873 1546 947 1590 voce
967 1526 1111 1611 oqnoltod
1130 1546 1186 1611 pro
1205 1525 1338 1590 occulto.
1361 1524 1407 1588 lle
1426 1523 1476 1586 lit-

153 1635 216 1692 tera
238 1629 249 1688 i
270 1635 388 1693 retenta
410 1649 465 1714 pro
488 1651 502 1690 e
525 1630 554 1691 io
579 1627 740 1714 participio
760 1630 899 1714 dciplum
917 1635 1048 1693 ueterem
1065 1629 1319 1694 consuetudinem
1334 1644 1476 1709 agnosce.

34 1794 41 1807 ,
152 1751 214 1816 qna
229 1731 374 1797 dicebant
389 1729 577 1816 consiptum,
594 1731 770 1818 dissiptum',
786 1731 944 1808 dimisum,
963 1730 1126 1816 pertisum,
1142 1731 1220 1794 Fost.
1236 1751 1263 1793 ε.
1278 1750 1326 1794 vv.
1341 1727 1475 1794 blacrob.

152 1833 274 1899 Satnrn.
297 1834 357 1910 ΙΙΙ,
383 1837 412 1899 6,
435 1834 461 1897 Ν
484 1833 614 1898 omissae
637 1834 788 1899 interdum
812 1840 879 1898 unte
903 1834 1041 1899 denteles
1064 1843 1091 1912 t,
1114 1835 1149 1906 d,
1171 1841 1205 1898 ut
1226 1833 1257 1898 in
1281 1833 1407 1918 agedae,
1426 1850 1477 1895 ex-

156 1943 220 2000 tant
241 1937 396 2022 exempla,
420 1955 499 2022 quae
522 1937 644 2018 collegit
665 1923 851 2001 llitscbeiius
875 1935 999 2019 (Enorr.
1023 1937 1082 2002 tab.
1103 1959 1132 2021 p.
1152 1937 1227 2019 ld),
1251 1956 1288 2001 ex
1310 1934 1400 1999 titulo
1423 1933 1478 1998 So·

154 2059 248 2112 rano,
270 2038 412 2113 tuberes,
437 2059 473 2103 ex
495 2039 573 2102 stela
594 2037 788 2124 pisaurensi,
811 2039 939 2114 dedrot,
963 2059 999 2103 ex
1023 2039 1165 2104 columna
1193 2039 1345 2115 atestino,
1371 2035 1479 2102 Veice-

155 2141 242 2217 tinus,
258 2160 430 2226 quanquam
449 2140 481 2206 id
499 2146 605 2224 postea
621 2142 650 2203 in
668 2140 773 2228 Suppl.
787 2141 896 2206 Enarr.
910 2142 971 2208 tab.
985 2162 1014 2226 p.
1030 2146 1089 2206 ⁴05
1104 2141 1288 2228 repudiavit,
1304 2139 1478 2223 obsequens

153 2243 360 2308 Mommsenio.
395 2241 463 2321 His,
478 2243 555 2307 adde
585 2251 695 2328 cupat,
723 2263 778 2329 pro
801 2243 933 2320 cubant,
959 2243 989 2308 in
1012 2244 1124 2328 tegulis
1147 2243 1283 2321 faliscis,
1307 2242 1401 2308 Cetur
1421 2261 1478 2326 pro

154 2345 284 2423 Centnr,
310 2345 340 2408 in
362 2346 474 2411 lamina
495 2348 653 2420 Antioate,
679 2355 709 2411 ει
730 2348 852 2414 saeculo
876 2348 968 2414 eliam
984 2348 1112 2433 septimo
1129 2346 1248 2412 lacieda
1261 2365 1317 2432 pro
1332 2345 1473 2411 iacienda

154 2445 183 2511 in
214 2445 316 2533 lapide
345 2448 559 2524 Narbonense,
588 2449 712 2534 Sequda
740 2471 795 2534 pro
826 2450 970 2516 Secunda
992 2449 1024 2516 io
1048 2451 1151 2533 tegula
1172 2447 1308 2516 Gelonem
1330 2455 1474 2532 reperta,

153 2551 233 2634 quod
253 2557 299 2614 εει
316 2549 461 2636 oppidum
480 2551 511 2616 iu
530 2570 604 2635 agro
624 2552 759 2617 Clusino.
778 2553 813 2616 ln
833 2553 956 2637 Ququei
971 2574 998 2617 v.
1015 2558 1034 2616 ι’)
1050 2555 1162 2643 pmissa
1179 2551 1299 2638 syllaba
1313 2560 1361 2617 est
1375 2570 1477 2616 errore

154 2650 271 2728 labrili,
295 2651 429 2737 itemque
452 2656 482 2718 in
507 2654 748 2738 inperata-ribus
767 2663 912 2740 punctum
931 2655 1134 2721 interiectum.
1158 2656 1317 2722 Sententia
1333 2652 1478 2719 carminis

154 2753 228 2820 baec
251 2773 320 2820 esse
342 2755 471 2820 videtur.
502 2754 673 2839 Collegium
696 2756 792 2828 illud,
816 2755 905 2822 cuius
929 2757 1141 2841 praeforibus
1164 2757 1278 2823 lamina
1299 2755 1390 2822 affixa
1411 2763 1477 2828 est,

152 2875 220 2924 esse
243 2857 438 2924 constitutum
461 2856 593 2942 agitandi
618 2857 684 2924 aevi
709 2878 819 2934 causa,
842 2857 1002 2944 opiparum
1026 2861 1065 2925 ad
1084 2861 1176 2925 vitam
1192 2868 1222 2925 et
1237 2860 1304 2924 dies
1319 2859 1414 2923 lestos
1428 2875 1479 2922 co·

153 2960 277 3034 leodos,
300 2959 393 3043 idque
416 2959 498 3024 omni
522 2959 694 3026 urbanitate
716 2968 809 3046 atque
832 2960 985 3026 hilaritate
1008 2970 1039 3028 el
1057 2963 1197 3028 ludorum
1217 2968 1247 3026 et
1263 2959 1478 3037 conviviorum,

153 3059 317 3128 luminibus
339 3069 431 3147 atque
454 3061 584 3129 artilicio
608 3062 805 3130 llammarum.
836 3064 1040 3148 Imperatores
1061 3066 1153 3130 eliam
1175 3083 1310 3130 summos
1331 3083 1365 3129 se
1387 3061 1479 3146 digne

152 3164 311 3250 accepisse
339 3173 431 3250 atque
460 3186 578 3232 omnem
601 3185 724 3252 operam
748 3167 870 3232 dedisse
893 3175 1055 3254 optantes,
1076 3176 1109 3232 ut
1132 3168 1161 3232 lri
1183 3166 1314 3234 libenter
1335 3167 1479 3232 adessent

154 3275 183 3332 el
209 3267 289 3334 bene
318 3287 352 3332 se
381 3270 530 3336 iuvarent.
567 3267 649 3336 llaec
673 3267 779 3336 insunt
801 3269 952 3346 carmini,
968 3265 1094 3357 *reliqua
1116 3273 1245 3357 periere.
1277 3269 1408 3335 Versum
1429 3289 1479 3335 se-

153 3370 285 3436 cuudum
307 3379 337 3435 et
360 3372 482 3436 tertium
505 3361 628 3457 pauloni
652 3371 690 3438 ab
714 3359 799 3438 initio
822 3374 943 3458 scalpro
966 3393 1044 3459 pene
1061 3373 1255 3440 obliteratum
1273 3392 1343 3438 esse
1361 3391 1478 3448 moneo,

153 3471 314 3558 sculptoris
337 3493 431 3558 opera
454 3475 604 3554 lortasse,
632 3474 684 3559 qui
707 3481 740 3540 ut
763 3473 884 3542 titulum
908 3495 1051 3542 aversum
1073 3477 1226 3542 scriberet
1246 3475 1379 3542 ferreum
1402 3477 1480 3541 scal·

153 3595 239 3660 prum
263 3576 358 3642 voluit
380 3595 500 3642 acuero.
535 3575 617 3644 Socii
643 3579 846 3644 Romanorum
870 3586 941 3644 tunc
965 3587 1054 3644 erant
1075 3579 1208 3656 Falisci,
1231 3578 1342 3663 quibus
1367 3578 1480 3644 licebat

155 3679 262 3742 milites
284 3679 407 3754 iubere,
431 3681 468 3744 iis
492 3681 693 3768 imperatores
716 3681 903 3767 praeficere,
921 3682 1100 3768 bellumque
1115 3681 1181 3747 suis
1196 3679 1346 3768 auspiciis
1364 3701 1481 3764 gerere,

153 3780 327 3866 auxiliaque
355 3783 502 3866 imperata
532 3782 645 3868 populo
667 3803 793 3848 romaoo
818 3785 936 3850 mittere
959 3783 1058 3869 iisque
1081 3786 1190 3850 adesse
1212 3787 1239 3850 si
1261 3785 1340 3871 quod
1365 3783 1478 3850 bellum

152 3883 318 3964 ingrueret.
341 3883 401 3962 Qui
426 3885 533 3950 summi
559 3893 645 3950 erant
667 3886 822 3952 sociorum
842 3886 935 3952 duces
954 3906 973 3951 a
992 3888 1107 3952 Latinis
1126 3894 1282 3972 praetores
1300 3887 1478 3972 nuncupati,

154 4004 206 4051 eos
237 3985 347 4052 Falisci
377 4006 561 4073 quamquam
592 4008 611 4052 a
642 3988 859 4066 Praetoribus,
884 3997 917 4053 nt
936 3988 1115 4055 Latinorum
1139 3991 1252 4066 nrbes,
1273 3989 1477 4072 regebantur,
1594 4014 1603 4030 ·

156 4087 357 4172 lmperatores
379 4089 550 4178 appellant,
575 4111 674 4166 more,
697 4098 790 4176 puto,
813 4091 852 4158 ab
874 4090 966 4157 Oscis
988 4095 1148 4170 translato,
1164 4111 1288 4178 quoque
1303 4100 1334 4157 et
1348 4092 1477 4157 Romani

158 4191 328 4258 utebantur.
358 4223 362 4232 ·

161 4353 164 4362 ,
189 4295 313 4358 llersus
332 4315 408 4379 quos
427 4299 580 4362 saturnios
599 4315 667 4360 esse
686 4295 767 4376 dini,
785 4297 945 4382 supplebis
961 4299 1153 4384 scandesque
1168 4299 1213 4364 sic
1227 4317 1284 4385 per
1298 4299 1478 4364 anacrusin:

388 4499 570 4584 Goolegium
593 4502 673 4587 quod
696 4509 745 4569 est
767 4507 898 4588 actptum
923 4505 1014 4570 aetati
1038 4504 1174 4586 agddlael

431 4603 599 4689 0plparum
620 4605 679 4688 ald)
704 4605 812 4670 vcitbrn
835 4606 1018 4690 quoldndam
1042 4606 1196 4691 festosque
1219 4606 1285 4671 dies
