3650 5342
356 265 403 327 ild

514 379 524 402 ⁶
571 387 650 470 Quei
673 387 777 454 andeis
800 389 964 472 alstldtiets
987 389 1121 473 optdque
1144 387 1271 470 legdni

515 507 524 516 “
616 493 828 558 Gondecoram
848 491 1036 576 sallplslume
1059 489 1209 555 cdmricla
1229 490 1388 575 loiddsque

573 595 749 679 Quleilquel
772 593 832 658 hdc
855 593 1015 674 dederulnt
1036 592 1275 677 llnperatdribus
1298 591 1444 657 sdmrneis

617 698 681 762 illel
704 698 791 764 sesed
815 697 948 780 luhent(e
971 697 1061 779 benet
1085 695 1187 760 iurent
1209 695 1350 781 optantis.

385 902 477 964 Pleno
497 902 714 966 commentario
733 921 800 966 curn
821 900 898 966 haec
915 901 1083 987 epigraphe
1101 908 1183 965 esset
1199 899 1443 977 condecoranda,
1459 919 1558 984 neque
1575 899 1664 965 huius

343 1003 400 1068 loci
423 1003 464 1067 sit
485 1002 583 1069 lusius
606 1004 775 1080 disserere,
799 1001 930 1088 aliquem
955 981 1246 1087 auguror'iuturum
1263 1003 1385 1068 doctum
1402 1004 1498 1067 uirum
1514 1001 1567 1088 qui
1582 1022 1667 1067 meas

344 1105 426 1169 vices
456 1105 644 1189 praestabit,
675 1106 745 1170 duni
776 1113 917 1180 constet,
946 1125 1037 1192 qnam
1066 1105 1161 1170 multa
1192 1106 1229 1170 de
1257 1112 1334 1170 statu
1357 1104 1550 1171 Faliscorum
1567 1105 1667 1190 deque

344 1225 447 1273 eorum
471 1206 579 1273 littoris
602 1208 659 1274 hoc
683 1214 802 1293 reperto
826 1215 1019 1273 monumento
1041 1209 1202 1273 lucremur.
1433 1204 1439 1214 '

339 1417 415 1478 abbS.
440 1449 478 1464 -··
502 1414 577 1478 Pars
599 1412 721 1498 postica
743 1414 873 1519 laminae
897 1411 1022 1478 iaiiscae
1045 1412 1174 1478 Faleriis
1196 1420 1344 1498 repertae.

716 1677 1053 1745 rouen-iunonis
1073 1676 1351 1764 mimarum„

621 1780 790 1856 scisses
811 1804 819 1820 ·
838 1781 935 1861 ριει
959 1803 966 1818 ·
990 1781 1032 1846 ιιι
1061 1778 1246 1846 sanonum
1267 1765 1380 1848 sud

619 1883 1047 1951 nouum-nsosrvur
1092 1887 1111 1942 r
1156 1881 1416 1950 menorans

619 1984 900 2054 ushramei-r
926 1984 1073 2053 <snm
1122 1982 1392 2052 annotini-r

617 2089 970 2157 a·coianusaour
1025 2090 1043 2144 ι
1308 2081 1338 2154 a

389 2340 578 2404 lielineatam
602 2339 685 2406 edidi
710 2349 741 2404 ct
761 2340 980 2426 interpretatus
1002 2359 1068 2405 sum
1091 2341 1121 2402 in
1144 2337 1225 2404 liiss.
1248 2339 1297 2404 dei
1320 2339 1394 2403 Can.
1417 2338 1512 2423 epigr.
1536 2335 1568 2400 di
1596 2337 1668 2400 Fed.

305 2451 309 2472 ¹
347 2441 466 2507 liitsehl
485 2449 544 2507 tar.
560 2463 589 2507 n.
606 2449 632 2516 t,
650 2463 677 2528 p.
692 2447 730 2506 33
747 2463 834 2528 seqq.
857 2443 985 2508 Falcsce
1007 2450 1077 2507 sunt
1099 2439 1210 2507 Falisci
1234 2461 1295 2526 quo
1318 2460 1351 2506 se
1373 2438 1494 2506 nomine
1517 2439 1670 2526 appeliant

348 2545 536 2610 Faleriorum
560 2543 643 2612 cives
665 2543 696 2609 in
721 2543 879 2632 planitiem
902 2544 942 2610 ab
965 2544 1093 2628 antiqua
1110 2546 1183 2616 sede
1197 2551 1338 2609 montana
1354 2540 1476 2609 deducti
1493 2541 1670 2608 allemannis

347 2645 430 2712 circa
446 2667 558 2714 annum
574 2668 603 2712 u.
622 2667 647 2712 c.
665 2652 735 2711 516.
758 2647 916 2733 Templum
940 2648 1065 2714 lunonis
1088 2645 1220 2726 Quiritis
1243 2645 1431 2712 Faliscorum
1454 2643 1581 2730 pristino
1602 2645 1670 2710 loco

345 2749 377 2814 in
401 2749 514 2836 oppido
538 2749 656 2815 Falisco
680 2752 790 2816 mansii
808 2757 933 2836 propter
951 2749 1148 2833 religionem
1164 2750 1345 2836 coloniaque
1360 2771 1378 2814 a
1392 2749 1537 2814 Romanis
1552 2749 1582 2813 in
1598 2767 1668 2822 enm

346 2853 445 2919 locum
475 2852 621 2937 deinceps
651 2853 781 2918 deducta
810 2871 919 2918 nomen
949 2852 1007 2917 sibi
1037 2853 1176 2919 coloniae
1205 2853 1350 2918 lunoniae
1376 2850 1565 2919 Faliscorum
1587 2852 1669 2917 lecit.

345 2954 407 3033 Qui
430 2957 521 3021 modo
544 2955 576 3020 in
599 2955 741 3020 Sardinia
763 2955 872 3022 Falisci
896 2956 1057 3021 traduntur
1066 3000 1080 3031 ,.
1095 2954 1245 3022 hactenus
1260 2956 1355 3039 ignoti
1375 2963 1472 3021 erant.
1495 2955 1554 3035 Qui
1573 2952 1599 3019 si
1619 2974 1673 3019 ne«

346 3055 497 3140 gotiomm
521 3077 617 3123 eausa
637 3055 668 3122 in
691 3077 728 3123 ea
749 3057 850 3124 insula
873 3057 1073 3124 morabantur
1093 3079 1153 3124 non
1177 3065 1261 3123 recte
1279 3077 1312 3122 se
1330 3056 1361 3122 in
1380 3057 1521 3123 Sardinia
1538 3077 1607 3123 csse
1623 3056 1670 3120 di·

345 3168 466 3238 cerent,
489 3161 544 3225 sed
567 3167 599 3226 ut
621 3160 720 3224 italici
744 3160 786 3224 illi
810 3161 861 3244 qui
886 3161 1124 3243 negotiabantur
1144 3163 1269 3244 Argois,
1286 3160 1385 3243 magis
1401 3160 1503 3226 dicere
1519 3159 1672 3225 debebant

345 3260 398 3348 qui
422 3261 453 3327 in
477 3261 620 3327 Sardinia
637 3263 843 3347 negotiantur.
869 3261 976 3348 Neque
999 3282 1073 3327 vero
1096 3263 1169 3328 licet
1190 3262 1327 3348 opinari,
1345 3264 1430 3348 quod
1453 3261 1672 3329 Mommsenius

345 3367 522 3451 proposuit,
545 3385 597 3432 eos
621 3365 851 3451 peregrinantes
874 3365 903 3430 in
929 3385 966 3430 ea
987 3364 1112 3449 regione
1135 3373 1205 3431 tunc
1228 3366 1374 3452 temporis
1395 3365 1504 3442 luisse,
1527 3385 1589 3451 quo
1611 3365 1670 3429 diis

346 3469 451 3552 patriis
480 3469 590 3534 donum
621 3470 772 3534 miserunt.
808 3467 896 3547 Quae
920 3469 998 3532 enim
1021 3468 1100 3534 ratio
1124 3470 1282 3533 commoda
1306 3469 1391 3533 reddi
1412 3475 1513 3553 potest
1534 3488 1588 3534 cur
1609 3487 1669 3532 non

347 3571 470 3655 potius,
494 3579 527 3636 ut
547 3569 778 3654 peregrinantes
801 3570 921 3648 solent,
944 3571 1075 3635 reduces
1096 3573 1127 3636 in
1150 3571 1279 3658 patriam
1303 3570 1361 3636 diis
1384 3570 1548 3638 obtulerint
1569 3572 1670 3645 dona,

346 3692 438 3757 quam
462 3673 600 3739 miserint
622 3695 657 3738 er
682 3673 849 3759 longinqua
870 3673 997 3756 regione
1018 3673 1077 3760 ipsi
1100 3675 1277 3760 propediem
1301 3674 1479 3741 reversuri?
1501 3673 1557 3739 llis
1579 3673 1673 3759 igitur

345 3774 468 3842 reiectis
497 3776 694 3862 opinionibus
724 3797 847 3844 causam
871 3778 1010 3847 idoneam
1034 3796 1092 3842 non
1116 3777 1300 3843 habentibus
1322 3776 1498 3843 manetitla
1520 3776 1672 3843 sententia

345 3897 436 3964 quam
455 3886 487 3944 ot
503 3899 577 3945 vero
595 3881 777 3964 simillimam
796 3880 894 3965 posui.
913 3880 1027 3945 lladem
1050 3879 1170 3945 scilieet
1193 3885 1293 3945 aetate
1311 3901 1374 3966 qua
1392 3880 1519 3945 Romani
1538 3877 1673 3945 Faliscos

216 4009 224 4026 ·
346 3983 492 4050 subantes
514 3981 546 4048 iu
569 3984 725 4070 planitiem
748 3990 917 4067 coegerunt
939 3983 1126 4047 descendere
1149 3982 1254 4069 ibique
1277 4003 1385 4049 novam
1403 3983 1460 4048 sibi
1479 3983 1583 4048 sedem
1602 4001 1673 4047 con-

346 4085 429 4164 dere,
453 4105 521 4152 eum
545 4086 717 4153 Sardiniam
739 4088 870 4153 insulam
894 4095 1088 4172 occuparent,
1112 4083 1222 4163 risum,
1245 4107 1348 4152 eorum
1372 4085 1539 4152 iuventutis
1556 4091 1675 4172 partem

346 4187 377 4252 in
399 4187 571 4253 Sardiniam
594 4190 765 4266 deducere,
789 4197 822 4254 ut
845 4209 882 4253 ne
907 4188 988 4253 dorni
1011 4187 1215 4265 rebellarent,
1239 4197 1268 4253 et
1292 4190 1366 4254 ioris
1387 4195 1489 4253 esse'nt
1509 4187 1671 4275 praesidio.

346 4289 494 4372 Falesce,
518 4291 561 4357 uti
585 4301 633 4366 et,
657 4295 862 4364 coirareront,
886 4291 1064 4357 vetustioris
1087 4291 1322 4376 orthographiae
1344 4290 1476 4375 vestigia
1499 4300 1584 4356 sunt:
1608 4299 1675 4356 crat

346 4391 425 4458 enirn
448 4393 505 4460 hac
528 4401 628 4461 aetate
651 4395 843 4461 scribendum
867 4392 1017 4460 Falisceis
1039 4396 1081 4459 oti
1105 4384 1161 4458 hac
1184 4395 1289 4460 eadem
1313 4395 1427 4459 lamina
1449 4395 1593 4461 scribitur
1610 4413 1674 4459 ma-

346 4495 483 4578 gistreis,
508 4503 538 4562 et
558 4499 768 4575 coirarerunt,
792 4497 1047 4581 quemadmodum
1071 4497 1236 4576 dedemnt,
1255 4498 1339 4575 sunt,
1358 4506 1386 4562 et
1406 4499 1435 4562 io
1454 4496 1606 4564 anteriore
1622 4498 1669 4563 la·

347 4598 445 4665 minna
464 4599 541 4665 iacis
559 4599 717 4666 dederunt.
735 4600 814 4667 Nota
830 4603 1041 4684 magistrorum
1057 4598 1162 4685 templi
1178 4599 1317 4666 nomina:
1334 4600 1503 4668 L.·latrius
1517 4599 1670 4668 Kaesonis
